@ARTICLE{Kruehler120815A,
   author = {{Kr{\"u}hler}, T. and {Ledoux}, C. and {Fynbo}, J.~P.~U. and 
    {Vreeswijk}, P.~M. and {Schmidl}, S. and {Malesani}, D. and 
    {Christensen}, L. and {De Cia}, A. and {Hjorth}, J. and {Jakobsson}, P. and 
    {Kann}, D.~A. and {Kaper}, L. and {Vergani}, S.~D. and {Afonso}, P.~M.~J. and 
    {Covino}, S. and {de Ugarte Postigo}, A. and {D'Elia}, V. and 
    {Filgas}, R. and {Goldoni}, P. and {Greiner}, J. and {Hartoog}, O.~E. and 
    {Milvang-Jensen}, B. and {Nardini}, M. and {Piranomonte}, S. and 
    {Rossi}, A. and {S{\'a}nchez-Ram{\'{\i}}rez}, R. and {Schady}, P. and 
    {Schulze}, S. and {Sudilovsky}, V. and {Tanvir}, N.~R. and {Tagliaferri}, G. and 
    {Watson}, D.~J. and {Wiersema}, K. and {Wijers}, R.~A.~M.~J. and 
    {Xu}, D.},
    title = "{Molecular hydrogen in the damped Lyman {$\alpha$} system towards GRB 120815A at z = 2.36}",
  journal = {\aap},
archivePrefix = "arXiv",
   eprint = {1304.7003},
 primaryClass = "astro-ph.CO",
 keywords = {galaxies: ISM, gamma-ray burst: individual: GRB 120815A, galaxies: high-redshift, ISM: molecules, dust, extinction},
     year = 2013,
    month = sep,
   volume = 557,
      eid = {A18},
    pages = {A18},
      doi = {10.1051/0004-6361/201321772},
   adsurl = {http://adsabs.harvard.edu/abs/2013A%26A...557A..18K},
  adsnote = {Provided by the SAO/NASA Astrophysics Data System}
}

@ARTICLE{SchulzeSNGRB,
   author = {{Schulze}, S. and {Malesani}, D. and {Cucchiara}, A. and {Tanvir}, N.~R. and 
    {Kr{\"u}hler}, T. and {de Ugarte Postigo}, A. and {Leloudas}, G. and 
    {Lyman}, J. and {Bersier}, D. and {Wiersema}, K. and {Perley}, D.~A. and 
    {Schady}, P. and {Gorosabel}, J. and {Anderson}, J.~P. and {Castro-Tirado}, A.~J. and 
    {Cenko}, S.~B. and {De Cia}, A. and {Ellerbroek}, L.~E. and 
    {Fynbo}, J.~P.~U. and {Greiner}, J. and {Hjorth}, J. and {Kann}, D.~A. and 
    {Kaper}, L. and {Klose}, S. and {Levan}, A.~J. and {Mart{\'{\i}}n}, S. and 
    {O'Brien}, P.~T. and {Page}, K.~L. and {Pignata}, G. and {Rapaport}, S. and 
    {S{\'a}nchez-Ram{\'{\i}}rez}, R. and {Sollerman}, J. and {Smith}, I.~A. and 
    {Sparre}, M. and {Th{\"o}ne}, C.~C. and {Watson}, D.~J. and 
    {Xu}, D. and {Bauer}, F.~E. and {Bayliss}, M. and {Bj{\"o}rnsson}, G. and 
    {Bremer}, M. and {Cano}, Z. and {Covino}, S. and {D'Elia}, V. and 
    {Frail}, D.~A. and {Geier}, S. and {Goldoni}, P. and {Hartoog}, O.~E. and 
    {Jakobsson}, P. and {Korhonen}, H. and {Lee}, K.~Y. and {Milvang-Jensen}, B. and 
    {Nardini}, M. and {Nicuesa Guelbenzu}, A. and {Oguri}, M. and 
    {Pandey}, S.~B. and {Petitpas}, G. and {Rossi}, A. and {Sandberg}, A. and 
    {Schmidl}, S. and {Tagliaferri}, G. and {Tilanus}, R.~P.~J. and 
    {Winters}, J.~M. and {Wright}, D. and {Wuyts}, E.},
    title = "{GRB 120422A/SN 2012bz: Bridging the Gap between Low- And High-Luminosity GRBs}",
  journal = {ArXiv e-prints},
archivePrefix = "arXiv",
   eprint = {1401.3774},
 primaryClass = "astro-ph.HE",
 keywords = {Astrophysics - High Energy Astrophysical Phenomena, Astrophysics - Cosmology and Extragalactic Astrophysics},
     year = 2014,
    month = jan,
   adsurl = {http://adsabs.harvard.edu/abs/2014arXiv1401.3774S},
  adsnote = {Provided by the SAO/NASA Astrophysics Data System}
}


@ARTICLE{Levanultralong,
   author = {{Levan}, A.~J. and {Tanvir}, N.~R. and {Starling}, R.~L.~C. and 
    {Wiersema}, K. and {Page}, K.~L. and {Perley}, D.~A. and {Schulze}, S. and 
    {Wynn}, G.~A. and {Chornock}, R. and {Hjorth}, J. and {Cenko}, S.~B. and 
    {Fruchter}, A.~S. and {O'Brien}, P.~T. and {Brown}, G.~C. and 
    {Tunnicliffe}, R.~L. and {Malesani}, D. and {Jakobsson}, P. and 
    {Watson}, D. and {Berger}, E. and {Bersier}, D. and {Cobb}, B.~E. and 
    {Covino}, S. and {Cucchiara}, A. and {de Ugarte Postigo}, A. and 
    {Fox}, D.~B. and {Gal-Yam}, A. and {Goldoni}, P. and {Gorosabel}, J. and 
    {Kaper}, L. and {Kr{\"u}hler}, T. and {Karjalainen}, R. and 
    {Osborne}, J.~P. and {Pian}, E. and {S{\'a}nchez-Ram{\'{\i}}rez}, R. and 
    {Schmidt}, B. and {Skillen}, I. and {Tagliaferri}, G. and {Th{\"o}ne}, C. and 
    {Vaduvescu}, O. and {Wijers}, R.~A.~M.~J. and {Zauderer}, B.~A.
    },
    title = "{A New Population of Ultra-long Duration Gamma-Ray Bursts}",
  journal = {\apj},
archivePrefix = "arXiv",
   eprint = {1302.2352},
 primaryClass = "astro-ph.HE",
 keywords = {galaxies: distances and redshifts, gamma-ray burst: general, gamma-ray burst: individual: GRB 101225A GRB 111209A GRB 121027A},
     year = 2014,
    month = jan,
   volume = 781,
      eid = {13},
    pages = {13},
      doi = {10.1088/0004-637X/781/1/13},
   adsurl = {http://adsabs.harvard.edu/abs/2014ApJ...781...13L},
  adsnote = {Provided by the SAO/NASA Astrophysics Data System}
}

@ARTICLE{Sakamoto111117A,
   author = {{Sakamoto}, T. and {Troja}, E. and {Aoki}, K. and {Guiriec}, S. and 
    {Im}, M. and {Leloudas}, G. and {Malesani}, D. and {Melandri}, A. and 
    {de Ugarte Postigo}, A. and {Urata}, Y. and {Xu}, D. and {D'Avanzo}, P. and 
    {Gorosabel}, J. and {Jeon}, Y. and {S{\'a}nchez-Ram{\'{\i}}rez}, R. and 
    {Andersen}, M.~I. and {Bai}, J. and {Barthelmy}, S.~D. and {Briggs}, M.~S. and 
    {Foley}, S. and {Fruchter}, A.~S. and {Fynbo}, J.~P.~U. and 
    {Gehrels}, N. and {Huang}, K. and {Jang}, M. and {Kawai}, N. and 
    {Korhonen}, H. and {Mao}, J. and {Norris}, J.~P. and {Preece}, R.~D. and 
    {Racusin}, J.~L. and {Th{\"o}ne}, C.~C. and {Vida}, K. and {Zhao}, X.
    },
    title = "{Identifying the Location in the Host Galaxy of the Short GRB 111117A with the Chandra Subarcsecond Position}",
  journal = {\apj},
archivePrefix = "arXiv",
   eprint = {1205.6774},
 primaryClass = "astro-ph.HE",
 keywords = {gamma-ray burst: individual: GRB 111117A},
     year = 2013,
    month = mar,
   volume = 766,
      eid = {41},
    pages = {41},
      doi = {10.1088/0004-637X/766/1/41},
   adsurl = {http://adsabs.harvard.edu/abs/2013ApJ...766...41S},
  adsnote = {Provided by the SAO/NASA Astrophysics Data System}
}

@ARTICLE{Sparre111008A,
   author = {{Sparre}, M. and {Hartoog}, O.~E. and {Kr{\"u}hler}, T. and 
    {Fynbo}, J.~P.~U. and {Watson}, D.~J. and {Wiersema}, K. and 
    {D'Elia}, V. and {De Cia}, A. and {Afonso}, P.~M.~J. and {Covino}, S. and 
    {de Ugarte Postigo}, A. and {Flores}, H. and {Goldoni}, P. and 
    {Greiner}, J. and {Hjorth}, J. and {Jakobsson}, P. and {Kaper}, L. and 
    {Klose}, S. and {Malesani}, D. and {Milvang-Jensen}, B. and 
    {Nardini}, M. and {Piranomonte}, S. and {Sollerman}, J. and 
    {Sanchez Ramirez}, R. and {Schulze}, S. and {Tanvir}, N.~R. and 
    {Vergani}, S.~D. and {Wijers}, R.~A.~M.~J. and {Zafar}, T.},
    title = "{Two high-redshift DLAs towards a z\~{}5 gamma-ray burst}",
  journal = {ArXiv e-prints},
archivePrefix = "arXiv",
   eprint = {1309.2940},
 primaryClass = "astro-ph.CO",
 keywords = {Astrophysics - Cosmology and Extragalactic Astrophysics},
     year = 2013,
    month = sep,
   adsurl = {http://adsabs.harvard.edu/abs/2013arXiv1309.2940S},
  adsnote = {Provided by the SAO/NASA Astrophysics Data System}
}

@ARTICLE{Sparre101219B,
   author = {{Sparre}, M. and {Sollerman}, J. and {Fynbo}, J.~P.~U. and {Malesani}, D. and 
    {Goldoni}, P. and {de Ugarte Postigo}, A. and {Covino}, S. and 
    {D'Elia}, V. and {Flores}, H. and {Hammer}, F. and {Hjorth}, J. and 
    {Jakobsson}, P. and {Kaper}, L. and {Leloudas}, G. and {Levan}, A.~J. and 
    {Milvang-Jensen}, B. and {Schulze}, S. and {Tagliaferri}, G. and 
    {Tanvir}, N.~R. and {Watson}, D.~J. and {Wiersema}, K. and {Wijers}, R.~A.~M.~J.
    },
    title = "{Spectroscopic Evidence for SN 2010ma Associated with GRB 101219B}",
  journal = {\apjl},
archivePrefix = "arXiv",
   eprint = {1105.0422},
 primaryClass = "astro-ph.CO",
 keywords = {gamma-ray burst: general, gamma-ray burst: individual: GRB 101219B, supernovae: individual: SN 2010ma},
     year = 2011,
    month = jul,
   volume = 735,
      eid = {L24},
    pages = {L24},
      doi = {10.1088/2041-8205/735/1/L24},
   adsurl = {http://adsabs.harvard.edu/abs/2011ApJ...735L..24S},
  adsnote = {Provided by the SAO/NASA Astrophysics Data System}
}

@ARTICLE{Haartog100901A,
   author = {{Hartoog}, O.~E. and {Wiersema}, K. and {Vreeswijk}, P.~M. and 
    {Kaper}, L. and {Tanvir}, N.~R. and {Savaglio}, S. and {Berger}, E. and 
    {Chornock}, R. and {Covino}, S. and {D'Elia}, V. and {Flores}, H. and 
    {Fynbo}, J.~P.~U. and {Goldoni}, P. and {Gomboc}, A. and {Melandri}, A. and 
    {Pozanenko}, A. and {Schaye}, J. and {Postigo}, A.~d.~U. and 
    {Wijers}, R.~A.~M.~J.},
    title = "{The host-galaxy response to the afterglow of GRB 100901A}",
  journal = {\mnras},
archivePrefix = "arXiv",
   eprint = {1301.3912},
 primaryClass = "astro-ph.CO",
 keywords = {gamma-ray burst: individual: GRB 100901A, galaxies: abundances, galaxies: distances and redshifts, galaxies: ISM},
     year = 2013,
    month = apr,
   volume = 430,
    pages = {2739-2754},
      doi = {10.1093/mnras/stt078},
   adsurl = {http://adsabs.harvard.edu/abs/2013MNRAS.430.2739H},
  adsnote = {Provided by the SAO/NASA Astrophysics Data System}
}

@ARTICLE{Buffano,
   author = {{Bufano}, F. and {Pian}, E. and {Sollerman}, J. and {Benetti}, S. and 
    {Pignata}, G. and {Valenti}, S. and {Covino}, S. and {D'Avanzo}, P. and 
    {Malesani}, D. and {Cappellaro}, E. and {Della Valle}, M. and 
    {Fynbo}, J. and {Hjorth}, J. and {Mazzali}, P.~A. and {Reichart}, D.~E. and 
    {Starling}, R.~L.~C. and {Turatto}, M. and {Vergani}, S.~D. and 
    {Wiersema}, K. and {Amati}, L. and {Bersier}, D. and {Campana}, S. and 
    {Cano}, Z. and {Castro-Tirado}, A.~J. and {Chincarini}, G. and 
    {D'Elia}, V. and {de Ugarte Postigo}, A. and {Deng}, J. and 
    {Ferrero}, P. and {Filippenko}, A.~V. and {Goldoni}, P. and 
    {Gorosabel}, J. and {Greiner}, J. and {Hammer}, F. and {Jakobsson}, P. and 
    {Kaper}, L. and {Kawabata}, K.~S. and {Klose}, S. and {Levan}, A.~J. and 
    {Maeda}, K. and {Masetti}, N. and {Milvang-Jensen}, B. and {Mirabel}, F.~I. and 
    {M{\o}ller}, P. and {Nomoto}, K. and {Palazzi}, E. and {Piranomonte}, S. and 
    {Salvaterra}, R. and {Stratta}, G. and {Tagliaferri}, G. and 
    {Tanaka}, M. and {Tanvir}, N.~R. and {Wijers}, R.~A.~M.~J.},
    title = "{The Highly Energetic Expansion of SN 2010bh Associated with GRB 100316D}",
  journal = {\apj},
archivePrefix = "arXiv",
   eprint = {1111.4527},
 primaryClass = "astro-ph.HE",
 keywords = {supernovae: general, supernovae: individual: SN 2010bh GRB 100316D},
     year = 2012,
    month = jul,
   volume = 753,
      eid = {67},
    pages = {67},
      doi = {10.1088/0004-637X/753/1/67},
   adsurl = {http://adsabs.harvard.edu/abs/2012ApJ...753...67B},
  adsnote = {Provided by the SAO/NASA Astrophysics Data System}
}

@ARTICLE{Christina100219A,
   author = {{Th{\"o}ne}, C.~C. and {Fynbo}, J.~P.~U. and {Goldoni}, P. and 
    {de Ugarte}, A.~P. and {Campana}, S. and {Vergani}, S.~D. and 
    {Covino}, S. and {Kr{\"u}hler}, T. and {Kaper}, L. and {Tanvir}, N. and 
    {Zafar}, T. and {D'Elia}, V. and {Gorosabel}, J. and {Greiner}, J. and 
    {Groot}, P. and {Hammer}, F. and {Jakobsson}, P. and {Klose}, S. and 
    {Levan}, A.~J. and {Milvang-Jensen}, B. and {Nicuesa}, A.~G. and 
    {Palazzi}, E. and {Piranomonte}, S. and {Tagliaferri}, G. and 
    {Watson}, D. and {Wiersema}, K. and {Wijers}, R.~A.~M.~J.},
    title = "{GRB 100219A with X-shooter - abundances in a galaxy at z =4.7}",
  journal = {\mnras},
archivePrefix = "arXiv",
   eprint = {1206.2337},
 primaryClass = "astro-ph.HE",
 keywords = {galaxies: abundances, galaxies: high-redshift, galaxies: ISM, gamma-ray burst: individual: GRB 100219A},
     year = 2013,
    month = feb,
   volume = 428,
    pages = {3590-3606},
      doi = {10.1093/mnras/sts303},
   adsurl = {http://adsabs.harvard.edu/abs/2013MNRAS.428.3590T},
  adsnote = {Provided by the SAO/NASA Astrophysics Data System}
}

@ARTICLE{Cobb091127,
   author = {{Cobb}, B.~E. and {Bloom}, J.~S. and {Perley}, D.~A. and {Morgan}, A.~N. and 
    {Cenko}, S.~B. and {Filippenko}, A.~V.},
    title = "{Discovery of SN 2009nz Associated with GRB 091127}",
  journal = {\apjl},
archivePrefix = "arXiv",
   eprint = {1005.4961},
 primaryClass = "astro-ph.HE",
 keywords = {gamma-ray burst: individual: GRB 091127, supernovae: individual: SN 2009nz},
     year = 2010,
    month = aug,
   volume = 718,
    pages = {L150-L155},
      doi = {10.1088/2041-8205/718/2/L150},
   adsurl = {http://adsabs.harvard.edu/abs/2010ApJ...718L.150C},
  adsnote = {Provided by the SAO/NASA Astrophysics Data System}
}

@ARTICLE{Vergani091127,
   author = {{Vergani}, S.~D. and {Flores}, H. and {Covino}, S. and {Fugazza}, D. and 
    {Gorosabel}, J. and {Levan}, A.~J. and {Puech}, M. and {Salvaterra}, R. and 
    {Tello}, J.~C. and {de Ugarte Postigo}, A. and {D'Avanzo}, P. and 
    {D'Elia}, V. and {Fern{\'a}ndez}, M. and {Fynbo}, J.~P.~U. and 
    {Ghirlanda}, G. and {Jel{\'{\i}}nek}, M. and {Lundgren}, A. and 
    {Malesani}, D. and {Palazzi}, E. and {Piranomonte}, S. and {Rodrigues}, M. and 
    {S{\'a}nchez-Ram{\'{\i}}rez}, R. and {Terr{\'o}n}, V. and {Th{\"o}ne}, C.~C. and 
    {Antonelli}, L.~A. and {Campana}, S. and {Castro-Tirado}, A.~J. and 
    {Goldoni}, P. and {Hammer}, F. and {Hjorth}, J. and {Jakobsson}, P. and 
    {Kaper}, L. and {Melandri}, A. and {Milvang-Jensen}, B. and 
    {Sollerman}, J. and {Tagliaferri}, G. and {Tanvir}, N.~R. and 
    {Wiersema}, K. and {Wijers}, R.~A.~M.~J.},
    title = "{GRB 091127/SN 2009nz and the VLT/X-shooter spectroscopy of its host galaxy: probing the faint end of the mass-metallicity relation}",
  journal = {\aap},
archivePrefix = "arXiv",
   eprint = {1107.3841},
 primaryClass = "astro-ph.CO",
 keywords = {gamma-ray burst: individual: GRB 091127, supernovae: individual: SN 2009nz, galaxies: ISM, galaxies: evolution},
     year = 2011,
    month = nov,
   volume = 535,
      eid = {A127},
    pages = {A127},
      doi = {10.1051/0004-6361/201117726},
   adsurl = {http://adsabs.harvard.edu/abs/2011A%26A...535A.127V},
  adsnote = {Provided by the SAO/NASA Astrophysics Data System}
}

@ARTICLE{Kobulnicky2004,
   author = {{Kobulnicky}, H.~A. and {Kewley}, L.~J.},
    title = "{Metallicities of 0.3{\lt}z{\lt}1.0 Galaxies in the GOODS-North Field}",
  journal = {\apj},
   eprint = {arXiv:astro-ph/0408128},
 keywords = {Galaxies: Abundances, Galaxies: Evolution, Galaxies: Fundamental Parameters, Galaxies: Starburst, ISM: H II Regions, ISM: Abundances},
     year = 2004,
    month = dec,
   volume = 617,
    pages = {240-261},
      doi = {10.1086/425299},
   adsurl = {http://adsabs.harvard.edu/abs/2004ApJ...617..240K},
  adsnote = {Provided by the SAO/NASA Astrophysics Data System}
}

@ARTICLE{Pagel1979,
   author = {{Pagel}, B.~E.~J. and {Edmunds}, M.~G. and {Blackwell}, D.~E. and 
    {Chun}, M.~S. and {Smith}, G.},
    title = "{On the composition of H II regions in southern galaxies. I - NGC 300 and 1365}",
  journal = {\mnras},
 keywords = {EMISSION SPECTRA, H II REGIONS, H LINES, INTERSTELLAR GAS, SPECTRUM ANALYSIS, SPIRAL GALAXIES, ABUNDANCE, ASTRONOMICAL CATALOGS, DATA REDUCTION, ELECTRON ENERGY, HYDROGEN IONS, MAGELLANIC CLOUDS, NITROGEN, OXYGEN},
     year = 1979,
    month = oct,
   volume = 189,
    pages = {95-113},
   adsurl = {http://adsabs.harvard.edu/abs/1979MNRAS.189...95P},
  adsnote = {Provided by the SAO/NASA Astrophysics Data System}
}

@ARTICLE{2006A&A...447..863N,
   author = {{Nagao}, T. and {Maiolino}, R. and {Marconi}, A.},
    title = "{Gas metallicity in the narrow-line regions of high-redshift active galactic nuclei}",
  journal = {\aap},
   eprint = {arXiv:astro-ph/0508652},
 keywords = {, galaxies: active, galaxies: evolution, galaxies: nuclei, quasars: emission lines, quasars: general},
     year = 2006,
    month = mar,
   volume = 447,
    pages = {863-876},
      doi = {10.1051/0004-6361:20054127},
   adsurl = {http://adsabs.harvard.edu/abs/2006A%26A...447..863N},
  adsnote = {Provided by the SAO/NASA Astrophysics Data System}
}

@ARTICLE{2013arXiv1305.5849R,
   author = {{Rauch}, M. and {Becker}, G.~D. and {Haehnelt}, M.~G. and {Gauthier}, J.-R.
    },
    title = "{Star-forming Galactic Contrails at z=3.2 as a Source of Metal Enrichment and Ionizing Radiation}",
  journal = {ArXiv e-prints},
archivePrefix = "arXiv",
   eprint = {1305.5849},
 primaryClass = "astro-ph.CO",
 keywords = {Astrophysics - Cosmology and Extragalactic Astrophysics},
     year = 2013,
    month = may,
   adsurl = {http://adsabs.harvard.edu/abs/2013arXiv1305.5849R},
  adsnote = {Provided by the SAO/NASA Astrophysics Data System}
}

@ARTICLE{2012A&A...546A..20S,
   author = {{Schulze}, S. and {Fynbo}, J.~P.~U. and {Milvang-Jensen}, B. and 
    {Rossi}, A. and {Jakobsson}, P. and {Ledoux}, C. and {De Cia}, A. and 
    {Kr{\"u}hler}, T. and {Mehner}, A. and {Bj{\"o}rnsson}, G. and 
    {Chen}, H.-W. and {Vreeswijk}, P.~M. and {Perley}, D.~A. and 
    {Hjorth}, J. and {Levan}, A.~J. and {Tanvir}, N.~R. and {Ellison}, S. and 
    {M{\o}ller}, P. and {Worseck}, G. and {Chapman}, R. and {Dall'Aglio}, A. and 
    {Letawe}, G.},
    title = "{Galaxy counterparts of intervening high-z sub-DLAs/DLAs and Mg ii absorbers towards gamma-ray bursts}",
  journal = {\aap},
archivePrefix = "arXiv",
   eprint = {1207.6088},
 primaryClass = "astro-ph.CO",
 keywords = {Galaxy: evolution, galaxies: individual: DLA J0212-0211, quasars: individual: QSO J1408-0346, gamma-ray burst: general, quasars: absorption lines, Galaxy: formation},
     year = 2012,
    month = oct,
   volume = 546,
      eid = {A20},
    pages = {A20},
      doi = {10.1051/0004-6361/201118647},
   adsurl = {http://adsabs.harvard.edu/abs/2012A%26A...546A..20S},
  adsnote = {Provided by the SAO/NASA Astrophysics Data System}
}

@ARTICLE{2011MNRAS.418.1115R,
   author = {{Rauch}, M. and {Becker}, G.~D. and {Haehnelt}, M.~G. and {Gauthier}, J.-R. and 
    {Ravindranath}, S. and {Sargent}, W.~L.~W.},
    title = "{Filamentary infall of cold gas and escape of Ly{$\alpha$} and hydrogen ionizing radiation from an interacting high-redshift galaxy}",
  journal = {\mnras},
archivePrefix = "arXiv",
   eprint = {1105.4876},
 primaryClass = "astro-ph.CO",
 keywords = {galaxies: dwarf, galaxies: evolution, galaxies: interactions, intergalactic medium, dark ages, reionization, first stars, diffuse radiation},
     year = 2011,
    month = dec,
   volume = 418,
    pages = {1115-1126},
      doi = {10.1111/j.1365-2966.2011.19556.x},
   adsurl = {http://adsabs.harvard.edu/abs/2011MNRAS.418.1115R},
  adsnote = {Provided by the SAO/NASA Astrophysics Data System}
}

@ARTICLE{2000ApJ...534..594H,
   author = {{Haehnelt}, M.~G. and {Steinmetz}, M. and {Rauch}, M.},
    title = "{Damped Ly{$\alpha$} Absorber and the Faint End of the Galaxy Luminosity Function at High Redshift}",
  journal = {\apj},
   eprint = {arXiv:astro-ph/9911447},
 keywords = {Galaxies: Kinematics and Dynamics, Galaxies: Structure, Galaxies: Intergalactic Medium, Galaxies: Quasars: Absorption Lines},
     year = 2000,
    month = may,
   volume = 534,
    pages = {594-597},
      doi = {10.1086/308800},
   adsurl = {http://adsabs.harvard.edu/abs/2000ApJ...534..594H},
  adsnote = {Provided by the SAO/NASA Astrophysics Data System}
}

@ARTICLE{2009ApJ...695.1382M,
   author = {{Misawa}, T. and {Charlton}, J.~C. and {Kobulnicky}, H.~A. and 
    {Wakker}, B.~P. and {Bland-Hawthorn}, J.},
    title = "{The Magellanic Bridge as a Damped Lyman Alpha System: Physical Properties of Cold Gas Toward PKS 0312-770}",
  journal = {\apj},
archivePrefix = "arXiv",
   eprint = {0902.0208},
 primaryClass = "astro-ph.CO",
 keywords = {galaxies: abundances, galaxies: individual: Large Magellanic Cloud Small Magellanic Cloud, Magellanic Clouds, quasars: absorption lines},
     year = 2009,
    month = apr,
   volume = 695,
    pages = {1382-1398},
      doi = {10.1088/0004-637X/695/2/1382},
   adsurl = {http://adsabs.harvard.edu/abs/2009ApJ...695.1382M},
  adsnote = {Provided by the SAO/NASA Astrophysics Data System}
}

@ARTICLE{2013MNRAS.433.3103R,
   author = {{Rakic}, O. and {Schaye}, J. and {Steidel}, C.~C. and {Booth}, C.~M. and 
    {Dalla Vecchia}, C. and {Rudie}, G.~C.},
    title = "{A measurement of galaxy halo mass from the surrounding H I Ly{$\alpha$} absorption}",
  journal = {\mnras},
 keywords = {galaxies: high-redshift, intergalactic medium, quasars: absorption lines},
     year = 2013,
    month = aug,
   volume = 433,
    pages = {3103-3114},
      doi = {10.1093/mnras/stt950},
   adsurl = {http://adsabs.harvard.edu/abs/2013MNRAS.433.3103R},
  adsnote = {Provided by the SAO/NASA Astrophysics Data System}
}

@ARTICLE{2008MNRAS.390.1349P,
   author = {{Pontzen}, A. and {Governato}, F. and {Pettini}, M. and {Booth}, C.~M. and 
    {Stinson}, G. and {Wadsley}, J. and {Brooks}, A. and {Quinn}, T. and 
    {Haehnelt}, M.},
    title = "{Damped Lyman {$\alpha$} systems in galaxy formation simulations}",
  journal = {\mnras},
archivePrefix = "arXiv",
   eprint = {0804.4474},
 keywords = {methods: numerical , galaxies: formation , quasars: absorption lines},
     year = 2008,
    month = nov,
   volume = 390,
    pages = {1349-1371},
      doi = {10.1111/j.1365-2966.2008.13782.x},
   adsurl = {http://adsabs.harvard.edu/abs/2008MNRAS.390.1349P},
  adsnote = {Provided by the SAO/NASA Astrophysics Data System}
}

@ARTICLE{2006AJ....131.1163S,
   author = {{Skrutskie}, M.~F. and {Cutri}, R.~M. and {Stiening}, R. and
        {Weinberg}, M.~D. and {Schneider}, S. and {Carpenter}, J.~M. and
        {Beichman}, C. and {Capps}, R. and {Chester}, T. and {Elias}, J. and
        {Huchra}, J. and {Liebert}, J. and {Lonsdale}, C. and {Monet}, D.~G. and
        {Price}, S. and {Seitzer}, P. and {Jarrett}, T. and {Kirkpatrick}, J.~D. and
        {Gizis}, J.~E. and {Howard}, E. and {Evans}, T. and {Fowler}, J. and
        {Fullmer}, L. and {Hurt}, R. and {Light}, R. and {Kopan}, E.~L. and
        {Marsh}, K.~A. and {McCallon}, H.~L. and {Tam}, R. and {Van Dyk}, S. and
        {Wheelock}, S.},
    title = "{The Two Micron All Sky Survey (2MASS)}",
  journal = {\aj},
 keywords = {Catalogs, Infrared: General, Surveys},
     year = 2006,
    month = feb,
   volume = 131,
    pages = {1163-1183},
      doi = {10.1086/498708},
   adsurl = {http://adsabs.harvard.edu/abs/2006AJ....131.1163S},
  adsnote = {Provided by the SAO/NASA Astrophysics Data System}
}

@ARTICLE{1996A&AS..117..393B,
   author = {{Bertin}, E. and {Arnouts}, S.},
    title = "{SExtractor: Software for source extraction.}",
  journal = {\aaps},
 keywords = {METHODS: DATA ANALYSIS, TECHNIQUES: IMAGE PROCESSING, GALAXIES: PHOTOMETRY},
     year = 1996,
    month = jun,
   volume = 117,
    pages = {393-404},
   adsurl = {http://adsabs.harvard.edu/abs/1996A%26AS..117..393B},
  adsnote = {Provided by the SAO/NASA Astrophysics Data System}
}

@ARTICLE{2007ApJS..173..256T,
   author = {{Treyer}, M. and {Schiminovich}, D. and {Johnson}, B. and {Seibert}, M. and
        {Wyder}, T. and {Barlow}, T.~A. and {Conrow}, T. and {Forster}, K. and
        {Friedman}, P.~G. and {Martin}, D.~C. and {Morrissey}, P. and
        {Neff}, S.~G. and {Small}, T. and {Bianchi}, L. and {Donas}, J. and
        {Heckman}, T.~M. and {Lee}, Y.-W. and {Madore}, B.~F. and {Milliard}, B. and
        {Rich}, R.~M. and {Szalay}, A.~S. and {Welsh}, B.~Y. and {Yi}, S.~K.
        },
    title = "{Extinction-corrected Star Formation Rates Empirically Derived from Ultraviolet-Optical Colors}",
  journal = {\apjs},
archivePrefix = "arXiv",
   eprint = {0707.3165},
 keywords = {Galaxies: Evolution, Galaxies: Fundamental Parameters, Surveys, Ultraviolet: Galaxies},
     year = 2007,
    month = dec,
   volume = 173,
    pages = {256-266},
      doi = {10.1086/521794},
   adsurl = {http://adsabs.harvard.edu/abs/2007ApJS..173..256T},
  adsnote = {Provided by the SAO/NASA Astrophysics Data System}
}

@ARTICLE{Crighton13,
   author = {{Crighton}, N. and {Hennawi}, J.~F. and {Prochaska}, J.~X.},
  journal = {submitted to \apjl},
     year = 2013,
}

@ARTICLE{1995ApJ...451..484L,
   author = {{Lowenthal}, J.~D. and {Hogan}, C.~J. and {Green}, R.~F. and 
    {Woodgate}, B. and {Caulet}, A. and {Brown}, L. and {Bechtold}, J.
    },
    title = "{Imaging and Spectroscopy of Damped LY alpha Quasi-stellar Object Absorption-Line Clouds}",
  journal = {\apj},
 keywords = {GALAXIES: QUASARS: ABSORPTION LINES},
     year = 1995,
    month = oct,
   volume = 451,
    pages = {484},
      doi = {10.1086/176237},
   adsurl = {http://adsabs.harvard.edu/abs/1995ApJ...451..484L},
  adsnote = {Provided by the SAO/NASA Astrophysics Data System}
}

@ARTICLE{1981AJ.....86.1825B,
   author = {{Bosma}, A.},
    title = "{21-cm line studies of spiral galaxies. II. The distribution and kinematics of neutral hydrogen in spiral galaxies of various morphological types.}",
  journal = {\aj},
 keywords = {Mass-Luminosity Relation:Spiral Galaxies, Neutral Hydrogen:Spiral Galaxies, Spiral Galaxies:Kinematics, Spiral Galaxies:Mass Distribution},
     year = 1981,
    month = dec,
   volume = 86,
    pages = {1825-1846},
      doi = {10.1086/113063},
   adsurl = {http://adsabs.harvard.edu/abs/1981AJ.....86.1825B},
  adsnote = {Provided by the SAO/NASA Astrophysics Data System}
}

@ARTICLE{Pagel1979,
   author = {{Pagel}, B.~E.~J. and {Edmunds}, M.~G. and {Blackwell}, D.~E. and
    {Chun}, M.~S. and {Smith}, G.},
    title = "{On the composition of H II regions in southern galaxies. I - NGC 300 and 1365}",
  journal = {\mnras},
 keywords = {EMISSION SPECTRA, H II REGIONS, H LINES, INTERSTELLAR GAS, SPECTRUM ANALYSIS, SPIRAL GALAXIES, ABUNDANCE, ASTRONOMICAL CATALOGS, DATA REDUCTION, ELECTRON ENERGY, HYDROGEN IONS, MAGELLANIC CLOUDS, NITROGEN, OXYGEN},
     year = 1979,
    month = oct,
   volume = 189,
    pages = {95-113},
   adsurl = {http://adsabs.harvard.edu/abs/1979MNRAS.189...95P},
  adsnote = {Provided by the SAO/NASA Astrophysics Data System}
}

@ARTICLE{Kobulnicky2004,
   author = {{Kobulnicky}, H.~A. and {Kewley}, L.~J.},
    title = "{Metallicities of 0.3{\lt}z{\lt}1.0 Galaxies in the GOODS-North Field}",
  journal = {\apj},
   eprint = {arXiv:astro-ph/0408128},
 keywords = {Galaxies: Abundances, Galaxies: Evolution, Galaxies: Fundamental Parameters, Galaxies: Starburst, ISM: H II Regions, ISM: Abundances},
     year = 2004,
    month = dec,
   volume = 617,
    pages = {240-261},
      doi = {10.1086/425299},
   adsurl = {http://adsabs.harvard.edu/abs/2004ApJ...617..240K},
  adsnote = {Provided by the SAO/NASA Astrophysics Data System}
}

@ARTICLE{2013arXiv1306.0134B,
   author = {{Bouch{\'e}}, N. and {Murphy}, M.~T. and {Kacprzak}, G.~G. and 
    {P{\'e}roux}, C. and {Contini}, T. and {Martin}, C. and {Dessauges-Zavadsky}, M.
    },
    title = "{Signatures of Cool Gas Fueling a Star-Forming Galaxy at Redshift 2.3}",
  journal = {Science, in press (arXiv:1306.0134)},
archivePrefix = "arXiv",
   eprint = {1306.0134},
 primaryClass = "astro-ph.CO",
 keywords = {Astrophysics - Cosmology and Extragalactic Astrophysics},
     year = 2013,
    month = jun,
   adsurl = {http://adsabs.harvard.edu/abs/2013arXiv1306.0134B},
  adsnote = {Provided by the SAO/NASA Astrophysics Data System}
}

@ARTICLE{2013MNRAS.430.3235M,
   author = {{Melioli}, C. and {de Gouveia Dal Pino}, E.~M. and {Geraissate}, F.~G.
    },
    title = "{Evolution of M82-like starburst winds revisited: 3D radiative cooling hydrodynamical simulations}",
  journal = {\mnras},
archivePrefix = "arXiv",
   eprint = {1301.5005},
 primaryClass = "astro-ph.CO",
 keywords = {ISM: abundances, ISM: bubbles, ISM: jets and outflows, galaxies: ISM, galaxies: kinematics and dynamics, galaxies: starburst},
     year = 2013,
    month = apr,
   volume = 430,
    pages = {3235-3248},
      doi = {10.1093/mnras/stt126},
   adsurl = {http://adsabs.harvard.edu/abs/2013MNRAS.430.3235M},
  adsnote = {Provided by the SAO/NASA Astrophysics Data System}
}

@ARTICLE{2010ApJ...718.1001B,
   author = {{Bouch{\'e}}, N. and {Dekel}, A. and {Genzel}, R. and {Genel}, S. and 
    {Cresci}, G. and {F{\"o}rster Schreiber}, N.~M. and {Shapiro}, K.~L. and 
    {Davies}, R.~I. and {Tacconi}, L.},
    title = "{The Impact of Cold Gas Accretion Above a Mass Floor on Galaxy Scaling Relations}",
  journal = {\apj},
archivePrefix = "arXiv",
   eprint = {0912.1858},
 primaryClass = "astro-ph.CO",
 keywords = {cosmology: observations, galaxies: evolution, galaxies: high-redshift},
     year = 2010,
    month = aug,
   volume = 718,
    pages = {1001-1018},
      doi = {10.1088/0004-637X/718/2/1001},
   adsurl = {http://adsabs.harvard.edu/abs/2010ApJ...718.1001B},
  adsnote = {Provided by the SAO/NASA Astrophysics Data System}
}

@ARTICLE{2009Natur.457..451D,
   author = {{Dekel}, A. and {Birnboim}, Y. and {Engel}, G. and {Freundlich}, J. and 
    {Goerdt}, T. and {Mumcuoglu}, M. and {Neistein}, E. and {Pichon}, C. and 
    {Teyssier}, R. and {Zinger}, E.},
    title = "{Cold streams in early massive hot haloes as the main mode of galaxy formation}",
  journal = {\nat},
archivePrefix = "arXiv",
   eprint = {0808.0553},
     year = 2009,
    month = jan,
   volume = 457,
    pages = {451-454},
      doi = {10.1038/nature07648},
   adsurl = {http://adsabs.harvard.edu/abs/2009Natur.457..451D},
  adsnote = {Provided by the SAO/NASA Astrophysics Data System}
}

@ARTICLE{2011MNRAS.418.1796F,
   author = {{Fumagalli}, M. and {Prochaska}, J.~X. and {Kasen}, D. and {Dekel}, A. and 
    {Ceverino}, D. and {Primack}, J.~R.},
    title = "{Absorption-line systems in simulated galaxies fed by cold streams}",
  journal = {\mnras},
archivePrefix = "arXiv",
   eprint = {1103.2130},
 primaryClass = "astro-ph.CO",
 keywords = {radiative transfer, galaxies: evolution, galaxies: formation, galaxies: high-redshift, intergalactic medium, quasars: absorption lines},
     year = 2011,
    month = dec,
   volume = 418,
    pages = {1796-1821},
      doi = {10.1111/j.1365-2966.2011.19599.x},
   adsurl = {http://adsabs.harvard.edu/abs/2011MNRAS.418.1796F},
  adsnote = {Provided by the SAO/NASA Astrophysics Data System}
}

@ARTICLE{2013MNRAS.432..455D,
   author = {{Dekel}, A. and {Krumholz}, M.~R.},
    title = "{Steady outflows in giant clumps of high-z disc galaxies during migration and growth by accretion}",
  journal = {\mnras},
 keywords = {stars: formation, ISM: jets and outflows, galaxies: formation, galaxies: ISM, galaxies: spiral},
     year = 2013,
    month = jun,
   volume = 432,
    pages = {455-467},
      doi = {10.1093/mnras/stt480},
   adsurl = {http://adsabs.harvard.edu/abs/2013MNRAS.432..455D},
  adsnote = {Provided by the SAO/NASA Astrophysics Data System}
}



@ARTICLE{2012A&A...547L...1N,
   author = {{Noterdaeme}, P. and {Petitjean}, P. and {Carithers}, W.~C. and 
    {P{\^a}ris}, I. and {Font-Ribera}, A. and {Bailey}, S. and {Aubourg}, E. and 
    {Bizyaev}, D. and {Ebelke}, G. and {Finley}, H. and {Ge}, J. and 
    {Malanushenko}, E. and {Malanushenko}, V. and {Miralda-Escud{\'e}}, J. and 
    {Myers}, A.~D. and {Oravetz}, D. and {Pan}, K. and {Pieri}, M.~M. and 
    {Ross}, N.~P. and {Schneider}, D.~P. and {Simmons}, A. and {York}, D.~G.
    },
    title = "{Column density distribution and cosmological mass density of neutral gas: Sloan Digital Sky Survey-III Data Release 9}",
  journal = {\aap},
archivePrefix = "arXiv",
   eprint = {1210.1213},
 primaryClass = "astro-ph.CO",
 keywords = {cosmology: observations, quasars: absorption lines, galaxies: evolution},
     year = 2012,
    month = nov,
   volume = 547,
      eid = {L1},
    pages = {L1},
      doi = {10.1051/0004-6361/201220259},
   adsurl = {http://adsabs.harvard.edu/abs/2012A%26A...547L...1N},
  adsnote = {Provided by the SAO/NASA Astrophysics Data System}
}
@ARTICLE{BC03,
   author = {{Bruzual}, G. and {Charlot}, S.},
    title = "{Stellar population synthesis at the resolution of 2003}",
  journal = {\mnras},
   eprint = {arXiv:astro-ph/0309134},
 keywords = {stars: evolution, galaxies: evolution, galaxies: formation, galaxies: stellar content},
     year = 2003,
    month = oct,
   volume = 344,
    pages = {1000-1028},
      doi = {10.1046/j.1365-8711.2003.06897.x},
   adsurl = {http://adsabs.harvard.edu/abs/2003MNRAS.344.1000B},
  adsnote = {Provided by the SAO/NASA Astrophysics Data System}
}

@article{Chabrier2003,
author = {Chabrier, Gilles},
file = {:Users/krogager/Documents/Papers/Library/Chabrier - 2003.pdf:pdf},
journal = {Publications of the Astronomical Society of the Pacific},
number = {809},
pages = {763--796},
publisher = {The University of Chicago Press},
title = {{Galactic Stellar and Substellar Initial Mass Function}},
url = {http://arxiv.org/abs/astro-ph/0304382},
volume = {115},
year = {2003}
}

@ARTICLE{Charlot2000,
   author = {{Charlot}, S. and {Fall}, S.~M.},
    title = "{A Simple Model for the Absorption of Starlight by Dust in Galaxies}",
  journal = {\apj},
   eprint = {arXiv:astro-ph/0003128},
 keywords = {ISM: Dust, Extinction, Galaxies: ISM, Galaxies: Starburst, Infrared: Galaxies, Ultraviolet: Galaxies},
     year = 2000,
    month = aug,
   volume = 539,
    pages = {718-731},
      doi = {10.1086/309250},
   adsurl = {http://adsabs.harvard.edu/abs/2000ApJ...539..718C},
  adsnote = {Provided by the SAO/NASA Astrophysics Data System}
}


@ARTICLE{Bouche2012,
   author = {{Bouch{\'e}}, N. and {Murphy}, M.~T. and {P{\'e}roux}, C. and 
    {Contini}, T. and {Martin}, C.~L. and {Forster Schreiber}, N.~M. and 
    {Genzel}, R. and {Lutz}, D. and {Gillessen}, S. and {Tacconi}, L. and 
    {Davies}, R. and {Eisenhauer}, F.},
    title = "{Enriched haloes at redshift z = 2 with no star formation: implications for accretion and wind scenarios}",
  journal = {\mnras},
archivePrefix = "arXiv",
   eprint = {1107.4618},
 primaryClass = "astro-ph.CO",
 keywords = {galaxies: evolution, galaxies: formation, galaxies: haloes, galaxies: high-redshift, intergalactic medium, quasars: absorption lines},
     year = 2012,
    month = jan,
   volume = 419,
    pages = {2-13},
      doi = {10.1111/j.1365-2966.2011.19500.x},
   adsurl = {http://adsabs.harvard.edu/abs/2012MNRAS.419....2B},
  adsnote = {Provided by the SAO/NASA Astrophysics Data System}
}

@ARTICLE{2005MNRAS.358..985W,
   author = {{Weatherley}, S.~J. and {Warren}, S.~J. and {M{\o}ller}, P. and 
    {Fall}, S.~M. and {Fynbo}, J.~U. and {Croom}, S.~M.},
    title = "{The first detection of [OIII] emission from high-redshift damped Lyman-{$\alpha$} galaxies}",
  journal = {\mnras},
   eprint = {arXiv:astro-ph/0501422},
 keywords = {galaxies: formation, galaxies: high redshift, galaxies: kinematics and dynamics, quasars: absorption lines, quasars: individual: Q2206-1958, quasars: individual: Q2233.9+1381},
     year = 2005,
    month = apr,
   volume = 358,
    pages = {985-997},
      doi = {10.1111/j.1365-2966.2005.08838.x},
   adsurl = {http://adsabs.harvard.edu/abs/2005MNRAS.358..985W},
  adsnote = {Provided by the SAO/NASA Astrophysics Data System}
}

@ARTICLE{Kennicutt98,
  author = {{Kennicutt}, Jr., R.~C.},
  title = {{Star Formation in Galaxies Along the Hubble Sequence}},
  journal = {\araa},
  year = {1998},
  volume = {36},
  pages = {189-232},
  adsnote = {Provided by the SAO/NASA Astrophysics Data System},
  adsurl = {http://adsabs.harvard.edu/abs/1998ARA%26A..36..189K},
  doi = {10.1146/annurev.astro.36.1.189},
  eprint = {arXiv:astro-ph/9807187}
}

@ARTICLE{Noterdaeme12,
   author = {{Noterdaeme}, P. and {Laursen}, P. and {Petitjean}, P. and {Vergani}, S.~D. and 
    {Maureira}, M.~J. and {Ledoux}, C. and {Fynbo}, J.~P.~U. and 
    {L{\'o}pez}, S. and {Srianand}, R.},
    title = "{Discovery of a compact gas-rich damped Lyman-{$\alpha$} galaxy at z = 2.2: evidence of a starburst-driven outflow}",
  journal = {\aap},
archivePrefix = "arXiv",
   eprint = {1202.0280},
 primaryClass = "astro-ph.CO",
 keywords = {galaxies: ISM, galaxies: high-redshift, galaxies: star formation, quasars: individual: SDSS J113520.39-001053.56, quasars: absorption lines},
     year = 2012,
    month = apr,
   volume = 540,
      eid = {A63},
    pages = {A63},
      doi = {10.1051/0004-6361/201118691},
   adsurl = {http://adsabs.harvard.edu/abs/2012A%26A...540A..63N},
  adsnote = {Provided by the SAO/NASA Astrophysics Data System}
}

@ARTICLE{Rafelski11,
   author = {{Rafelski}, M. and {Wolfe}, A.~M. and {Chen}, H.-W.},
    title = "{Star Formation from DLA Gas in the Outskirts of Lyman Break Galaxies at z \~{} 3}",
  journal = {\apj},
archivePrefix = "arXiv",
   eprint = {1011.6390},
 primaryClass = "astro-ph.CO",
 keywords = {cosmology: observations, galaxies: evolution, galaxies: general, galaxies: high-redshift, galaxies: photometry, quasars: absorption lines},
     year = 2011,
    month = jul,
   volume = 736,
      eid = {48},
    pages = {48},
      doi = {10.1088/0004-637X/736/1/48},
   adsurl = {http://adsabs.harvard.edu/abs/2011ApJ...736...48R},
  adsnote = {Provided by the SAO/NASA Astrophysics Data System}
}

@ARTICLE{Law12a,
   author = {{Law}, D.~R. and {Steidel}, C.~C. and {Shapley}, A.~E. and {Nagy}, S.~R. and 
    {Reddy}, N.~A. and {Erb}, D.~K.},
    title = "{A HST/WFC3-IR Morphological Survey of Galaxies at z = 1.5-3.6. II. The Relation between Morphology and Gas-phase Kinematics}",
  journal = {\apj},
archivePrefix = "arXiv",
   eprint = {1206.6889},
 primaryClass = "astro-ph.CO",
 keywords = {galaxies: fundamental parameters, galaxies: high-redshift, galaxies: structure},
     year = 2012,
    month = nov,
   volume = 759,
      eid = {29},
    pages = {29},
      doi = {10.1088/0004-637X/759/1/29},
   adsurl = {http://adsabs.harvard.edu/abs/2012ApJ...759...29L},
  adsnote = {Provided by the SAO/NASA Astrophysics Data System}
}

@ARTICLE{Law12b,
   author = {{Law}, D.~R. and {Steidel}, C.~C. and {Shapley}, A.~E. and {Nagy}, S.~R. and 
    {Reddy}, N.~A. and {Erb}, D.~K.},
    title = "{An HST/WFC3-IR Morphological Survey of Galaxies at z = 1.5-3.6. I. Survey Description and Morphological Properties of Star-forming Galaxies}",
  journal = {\apj},
archivePrefix = "arXiv",
   eprint = {1107.3137},
 primaryClass = "astro-ph.CO",
 keywords = {galaxies: fundamental parameters, galaxies: high-redshift, galaxies: structure},
     year = 2012,
    month = jan,
   volume = 745,
      eid = {85},
    pages = {85},
      doi = {10.1088/0004-637X/745/1/85},
   adsurl = {http://adsabs.harvard.edu/abs/2012ApJ...745...85L},
  adsnote = {Provided by the SAO/NASA Astrophysics Data System}
}

@ARTICLE{Carollo97,
   author = {{Carollo}, C.~M. and {Stiavelli}, M. and {de Zeeuw}, P.~T. and 
    {Mack}, J.},
    title = "{Spiral Galaxies with WFPC2.I.Nuclear Morphology, Bulges, Star Clusters, and Surface Brightness Profiles}",
  journal = {\aj},
 keywords = {GALAXIES: SPIRAL, GALAXIES: STRUCTURE, GALAXIES: KINEMATICS AND DYNAMICS, GALAXIES: NUCLEI},
     year = 1997,
    month = dec,
   volume = 114,
    pages = {2366},
      doi = {10.1086/118654},
   adsurl = {http://adsabs.harvard.edu/abs/1997AJ....114.2366C},
  adsnote = {Provided by the SAO/NASA Astrophysics Data System}
}

@ARTICLE{Moller02,
   author = {{M{\o}ller}, P. and {Warren}, S.~J. and {Fall}, S.~M. and {Fynbo}, J.~U. and 
    {Jakobsen}, P.},
    title = "{Are High-Redshift Damped Ly{$\alpha$} Galaxies Lyman Break Galaxies?}",
  journal = {\apj},
   eprint = {arXiv:astro-ph/0203361},
 keywords = {Galaxies: Formation, Galaxies: High-Redshift, Galaxies: Quasars: Absorption Lines, quasars: individual (PKS 0528-250, Q2206-1958), Galaxies: Quasars: Individual: Alphanumeric: 2233.9+1318},
     year = 2002,
    month = jul,
   volume = 574,
    pages = {51-58},
      doi = {10.1086/340934},
   adsurl = {http://adsabs.harvard.edu/abs/2002ApJ...574...51M},
  adsnote = {Provided by the SAO/NASA Astrophysics Data System}
}

@MastersThesis{ThorsenThesis:2011,
    author     =     {Th{\o}ger Juul Thorsen},
    title     =     {{Probing early galaxy formation with Damped Lyman α-Absorbers}},
    school     =     {Niels Bohr Institute, Copenhagen University},
    address     =     {Juliane Maries Vej 30, DK-2100 Copenhagen O, Denmark},
    year     =     {2011},
    }


@ARTICLE{2013MNRAS.430.2680M,
   author = {{M{\o}ller}, P. and {Fynbo}, J.~P.~U. and {Ledoux}, C. and {Nilsson}, K.~K.
    },
    title = "{Mass-metallicity relation from z = 5 to the present: evidence for a transition in the mode of galaxy growth at z = 2.6 due to the end of sustained primordial gas infall}",
  journal = {\mnras},
archivePrefix = "arXiv",
   eprint = {1301.5013},
 primaryClass = "astro-ph.CO",
 keywords = {galaxies: evolution, galaxies: formation, galaxies: high-redshift, galaxies: ISM, quasars: absorption lines, cosmology: observations},
     year = 2013,
    month = apr,
   volume = 430,
    pages = {2680-2687},
      doi = {10.1093/mnras/stt067},
   adsurl = {http://adsabs.harvard.edu/abs/2013MNRAS.430.2680M},
  adsnote = {Provided by the SAO/NASA Astrophysics Data System}
}

@ARTICLE{Rhoads2013,
   author = {{Rhoads}, J.~E. and {Malhotra}, S. and {Finkelstein}, S.~L. and
    {Fynbo}, J.~P.~U. and {McLinden}, E.~M. and {Richardson}, M.~L.~A. and
    {Tilvi}, V.~S.},
    title = "{The Dynamical Masses, Densities, and Star Formation Scaling Relations of Lyman Alpha Galaxies}",
  journal = {ArXiv e-prints, 1301.3140},
archivePrefix = "arXiv",
   eprint = {1301.3140},
 primaryClass = "astro-ph.CO",
 keywords = {Astrophysics - Cosmology and Extragalactic Astrophysics},
     year = 2013,
    month = jan,
   adsurl = {http://adsabs.harvard.edu/abs/2013arXiv1301.3140R},
  adsnote = {Provided by the SAO/NASA Astrophysics Data System}
}

@ARTICLE{2013MNRAS.433.3091K,
   author = {{Krogager}, J.-K. and {Fynbo}, J.~P.~U. and {Ledoux}, C. and 
    {Christensen}, L. and {Gallazzi}, A. and {Laursen}, P. and {M{\o}ller}, P. and 
    {Noterdaeme}, P. and {P{\'e}roux}, C. and {Pettini}, M. and 
    {Vestergaard}, M.},
    title = "{Comprehensive study of a z = 2.35 DLA Galaxy: mass, metallicity, age, morphology and SFR from HST and VLT{\starf}}",
  journal = {\mnras},
archivePrefix = "arXiv",
   eprint = {1304.4231},
 primaryClass = "astro-ph.CO",
 keywords = {galaxies: formation, galaxies: high-redshift, galaxies: ISM, quasars: absorption lines, quasars: individual: SDSS J22:22:56.1-09:46:36.2, cosmology: observations},
     year = 2013,
    month = aug,
   volume = 433,
    pages = {3091-3102},
      doi = {10.1093/mnras/stt955},
   adsurl = {http://adsabs.harvard.edu/abs/2013MNRAS.433.3091K},
  adsnote = {Provided by the SAO/NASA Astrophysics Data System}
}


@ARTICLE{2013A&A...557A..18K,
   author = {{Kr{\"u}hler}, T. and {Ledoux}, C. and {Fynbo}, J.~P.~U. and 
    {Vreeswijk}, P.~M. and {Schmidl}, S. and {Malesani}, D. and 
    {Christensen}, L. and {De Cia}, A. and {Hjorth}, J. and {Jakobsson}, P. and 
    {Kann}, D.~A. and {Kaper}, L. and {Vergani}, S.~D. and {Afonso}, P.~M.~J. and 
    {Covino}, S. and {de Ugarte Postigo}, A. and {D'Elia}, V. and 
    {Filgas}, R. and {Goldoni}, P. and {Greiner}, J. and {Hartoog}, O.~E. and 
    {Milvang-Jensen}, B. and {Nardini}, M. and {Piranomonte}, S. and 
    {Rossi}, A. and {S{\'a}nchez-Ram{\'{\i}}rez}, R. and {Schady}, P. and 
    {Schulze}, S. and {Sudilovsky}, V. and {Tanvir}, N.~R. and {Tagliaferri}, G. and 
    {Watson}, D.~J. and {Wiersema}, K. and {Wijers}, R.~A.~M.~J. and 
    {Xu}, D.},
    title = "{Molecular hydrogen in the damped Lyman {$\alpha$} system towards GRB 120815A at z = 2.36}",
  journal = {\aap},
archivePrefix = "arXiv",
   eprint = {1304.7003},
 primaryClass = "astro-ph.CO",
 keywords = {galaxies: ISM, gamma-ray burst: individual: GRB 120815A, galaxies: high-redshift, ISM: molecules, dust, extinction},
     year = 2013,
    month = sep,
   volume = 557,
      eid = {A18},
    pages = {A18},
      doi = {10.1051/0004-6361/201321772},
   adsurl = {http://adsabs.harvard.edu/abs/2013A%26A...557A..18K},
  adsnote = {Provided by the SAO/NASA Astrophysics Data System}
}


@ARTICLE{2012ApJ...758...46K,
   author = {{Kr{\"u}hler}, T. and {Malesani}, D. and {Milvang-Jensen}, B. and 
    {Fynbo}, J.~P.~U. and {Hjorth}, J. and {Jakobsson}, P. and {Levan}, A.~J. and 
    {Sparre}, M. and {Tanvir}, N.~R. and {Watson}, D.~J.},
    title = "{The Optically Unbiased GRB Host (TOUGH) Survey. V. VLT/X-shooter Emission-line Redshifts for Swift GRBs at z \~{} 2}",
  journal = {\apj},
archivePrefix = "arXiv",
   eprint = {1205.4036},
 primaryClass = "astro-ph.CO",
 keywords = {dust, extinction, galaxies: distances and redshifts, galaxies: fundamental parameters, galaxies: high-redshift, gamma-ray burst: general, surveys},
     year = 2012,
    month = oct,
   volume = 758,
      eid = {46},
    pages = {46},
      doi = {10.1088/0004-637X/758/1/46},
   adsurl = {http://adsabs.harvard.edu/abs/2012ApJ...758...46K},
  adsnote = {Provided by the SAO/NASA Astrophysics Data System}
}


@ARTICLE{2010MNRAS.404.1321W,
   author = {{Welty}, D.~E. and {Crowther}, P.~A.},
    title = "{Interstellar TiII in the Milky Way and Magellanic Clouds}",
  journal = {\mnras},
archivePrefix = "arXiv",
   eprint = {1001.3687},
 primaryClass = "astro-ph.GA",
 keywords = {ISM: abundances, ISM: lines and bands, galaxies: ISM, Magellanic Clouds},
     year = 2010,
    month = may,
   volume = 404,
    pages = {1321-1348},
      doi = {10.1111/j.1365-2966.2010.16386.x},
   adsurl = {http://adsabs.harvard.edu/abs/2010MNRAS.404.1321W},
  adsnote = {Provided by the SAO/NASA Astrophysics Data System}
}


@ARTICLE{2013ApJS..204....6F,
   author = {{Fynbo}, J.~P.~U. and {Krogager}, J.-K. and {Venemans}, B. and 
    {Noterdaeme}, P. and {Vestergaard}, M. and {M{\o}ller}, P. and 
    {Ledoux}, C. and {Geier}, S.},
    title = "{Optical/Near-infrared Selection of Red Quasi-stellar Objects: Evidence for Steep Extinction Curves toward Galactic Centers?}",
  journal = {\apjs},
archivePrefix = "arXiv",
   eprint = {1207.1193},
 primaryClass = "astro-ph.CO",
 keywords = {dust, extinction, galaxies: active, quasars: general},
     year = 2013,
    month = jan,
   volume = 204,
      eid = {6},
    pages = {6},
      doi = {10.1088/0067-0049/204/1/6},
   adsurl = {http://adsabs.harvard.edu/abs/2013ApJS..204....6F},
  adsnote = {Provided by the SAO/NASA Astrophysics Data System}
}

@ARTICLE{2011ApJ...737..103S,
   author = {{Schlafly}, E.~F. and {Finkbeiner}, D.~P.},
    title = "{Measuring Reddening with Sloan Digital Sky Survey Stellar Spectra and Recalibrating SFD}",
  journal = {\apj},
archivePrefix = "arXiv",
   eprint = {1012.4804},
 primaryClass = "astro-ph.GA",
 keywords = {dust, extinction, Galaxy: stellar content, ISM: clouds},
     year = 2011,
    month = aug,
   volume = 737,
      eid = {103},
    pages = {103},
      doi = {10.1088/0004-637X/737/2/103},
   adsurl = {http://adsabs.harvard.edu/abs/2011ApJ...737..103S},
  adsnote = {Provided by the SAO/NASA Astrophysics Data System}
}

@ARTICLE{2011MNRAS.413.2481F,
   author = {{Fynbo}, J.~P.~U. and {Ledoux}, C. and {Noterdaeme}, P. and 
	{Christensen}, L. and {M{\o}ller}, P. and {Durgapal}, A.~K. and 
	{Goldoni}, P. and {Kaper}, L. and {Krogager}, J.-K. and {Laursen}, P. and 
	{Maund}, J.~R. and {Milvang-Jensen}, B. and {Okoshi}, K. and 
	{Rasmussen}, P.~K. and {Thorsen}, T.~J. and {Toft}, S. and {Zafar}, T.
	},
    title = "{Galaxy counterparts of metal-rich damped Ly{$\alpha$} absorbers - II. A solar-metallicity and dusty DLA at z$_{abs}$= 2.58}",
  journal = {\mnras},
archivePrefix = "arXiv",
   eprint = {1011.5312},
 primaryClass = "astro-ph.CO",
 keywords = {galaxies: formation, galaxies: high-redshift, galaxies: ISM, quasars: absorption lines, quasars: individual: SDSS J 091826.16+163609.0, cosmology: observations},
     year = 2011,
    month = jun,
   volume = 413,
    pages = {2481-2488},
      doi = {10.1111/j.1365-2966.2011.18318.x},
   adsurl = {http://adsabs.harvard.edu/abs/2011MNRAS.413.2481F},
  adsnote = {Provided by the SAO/NASA Astrophysics Data System}
}

@ARTICLE{1955ApJ...121..161S,
   author = {{Salpeter}, E.~E.},
    title = "{The Luminosity Function and Stellar Evolution.}",
  journal = {\apj},
     year = 1955,
    month = jan,
   volume = 121,
    pages = {161},
      doi = {10.1086/145971},
   adsurl = {http://adsabs.harvard.edu/abs/1955ApJ...121..161S},
  adsnote = {Provided by the SAO/NASA Astrophysics Data System}
}

@ARTICLE{1986PASP...98..609H,
   author = {{Horne}, K.},
    title = "{An optimal extraction algorithm for CCD spectroscopy}",
  journal = {\pasp},
 keywords = {ASTRONOMICAL SPECTROSCOPY, CHARGE COUPLED DEVICES, DATA REDUCTION, SPECTRUM ANALYSIS, IMAGE PROCESSING, ITERATION, OPTIMIZATION, SPATIAL RESOLUTION, STELLAR SPECTRA, VARIANCE (STATISTICS)},
     year = 1986,
    month = jun,
   volume = 98,
    pages = {609-617},
      doi = {10.1086/131801},
   adsurl = {http://adsabs.harvard.edu/abs/1986PASP...98..609H},
  adsnote = {Provided by the SAO/NASA Astrophysics Data System}
}

@ARTICLE{1990A&A...228..299M,
   author = {{M\o ller}, P. and {Jakobsen}, P.},
    title = "{The Lyman continuum opacity at high redshifts - Through the Lyman forest and beyond the Lyman valley}",
  journal = {\aap},
 keywords = {CONTINUOUS SPECTRA, LYMAN SPECTRA, QUASARS, RED SHIFT, SPECTRUM ANALYSIS, BIG BANG COSMOLOGY, H I REGIONS, HELIUM, INTERGALACTIC MEDIA, LYMAN ALPHA RADIATION, MONTE CARLO METHOD},
     year = 1990,
    month = feb,
   volume = 228,
    pages = {299-309},
   adsurl = {http://adsabs.harvard.edu/abs/1990A%26A...228..299M},
  adsnote = {Provided by the SAO/NASA Astrophysics Data System}
}

@ARTICLE{1995ApJ...441...18M,
   author = {{Madau}, P.},
    title = "{Radiative transfer in a clumpy universe: The colors of high-redshift galaxies}",
  journal = {\apj},
 keywords = {COLOR, COSMOLOGY, GALACTIC EVOLUTION, LYMAN SPECTRA, RADIATIVE TRANSFER, RED SHIFT, UNIVERSE, ABSORPTION SPECTRA, BACKGROUND RADIATION, RESONANCE SCATTERING, STOCHASTIC PROCESSES, ULTRAVIOLET ASTRONOMY},
     year = 1995,
    month = mar,
   volume = 441,
    pages = {18-27},
      doi = {10.1086/175332},
   adsurl = {http://adsabs.harvard.edu/abs/1995ApJ...441...18M},
  adsnote = {Provided by the SAO/NASA Astrophysics Data System}
}

@ARTICLE{1996A&AS..117..393B,
   author = {{Bertin}, E. and {Arnouts}, S.},
    title = "{SExtractor: Software for source extraction.}",
  journal = {\aaps},
 keywords = {METHODS: DATA ANALYSIS, TECHNIQUES: IMAGE PROCESSING, GALAXIES: PHOTOMETRY},
     year = 1996,
    month = jun,
   volume = 117,
    pages = {393-404},
   adsurl = {http://adsabs.harvard.edu/abs/1996A%26AS..117..393B},
  adsnote = {Provided by the SAO/NASA Astrophysics Data System}
}

@ARTICLE{1998ApJ...500..525S,
   author = {{Schlegel}, D.~J. and {Finkbeiner}, D.~P. and {Davis}, M.},
    title = "{Maps of Dust Infrared Emission for Use in Estimation of Reddening and Cosmic Microwave Background Radiation Foregrounds}",
  journal = {\apj},
   eprint = {arXiv:astro-ph/9710327},
 keywords = {COSMOLOGY: DIFFUSE RADIATION, COSMOLOGY: COSMIC MICROWAVE BACKGROUND, ISM: DUST, EXTINCTION, INTERPLANETARY MEDIUM, INFRARED: ISM: CONTINUUM},
     year = 1998,
    month = jun,
   volume = 500,
    pages = {525},
      doi = {10.1086/305772},
   adsurl = {http://adsabs.harvard.edu/abs/1998ApJ...500..525S},
  adsnote = {Provided by the SAO/NASA Astrophysics Data System}
}

@ARTICLE{1998ARA&A..36..189K,
   author = {{Kennicutt}, Jr., R.~C.},
    title = "{Star Formation in Galaxies Along the Hubble Sequence}",
  journal = {\araa},
   eprint = {arXiv:astro-ph/9807187},
     year = 1998,
   volume = 36,
    pages = {189-232},
      doi = {10.1146/annurev.astro.36.1.189},
   adsurl = {http://adsabs.harvard.edu/abs/1998ARA%26A..36..189K},
  adsnote = {Provided by the SAO/NASA Astrophysics Data System}
}

@ARTICLE{1999MNRAS.310..540A,
   author = {{Arnouts}, S. and {Cristiani}, S. and {Moscardini}, L. and {Matarrese}, S. and 
	{Lucchin}, F. and {Fontana}, A. and {Giallongo}, E.},
    title = "{Measuring and modelling the redshift evolution of clustering: the Hubble Deep Field North}",
  journal = {\mnras},
   eprint = {arXiv:astro-ph/9902290},
 keywords = {GALAXIES: CLUSTERS: GENERAL, GALAXIES: PHOTOMETRY, COSMOLOGY: OBSERVATIONS, COSMOLOGY: THEORY, LARGE-SCALE STRUCTURE OF UNIVERSE},
     year = 1999,
    month = dec,
   volume = 310,
    pages = {540-556},
      doi = {10.1046/j.1365-8711.1999.02978.x},
   adsurl = {http://adsabs.harvard.edu/abs/1999MNRAS.310..540A},
  adsnote = {Provided by the SAO/NASA Astrophysics Data System}
}

@ARTICLE{2000ApJ...533..682C,
   author = {{Calzetti}, D. and {Armus}, L. and {Bohlin}, R.~C. and {Kinney}, A.~L. and 
	{Koornneef}, J. and {Storchi-Bergmann}, T.},
    title = "{The Dust Content and Opacity of Actively Star-forming Galaxies}",
  journal = {\apj},
   eprint = {arXiv:astro-ph/9911459},
 keywords = {GALAXIES: STARBURST, INFRARED: GALAXIES, INFRARED: ISM: CONTINUUM, ISM: DUST, EXTINCTION},
     year = 2000,
    month = apr,
   volume = 533,
    pages = {682-695},
      doi = {10.1086/308692},
   adsurl = {http://adsabs.harvard.edu/abs/2000ApJ...533..682C},
  adsnote = {Provided by the SAO/NASA Astrophysics Data System}
}

@ARTICLE{2002AJ....124..266P,
   author = {{Peng}, C.~Y. and {Ho}, L.~C. and {Impey}, C.~D. and {Rix}, H.-W.
	},
    title = "{Detailed Structural Decomposition of Galaxy Images}",
  journal = {\aj},
   eprint = {arXiv:astro-ph/0204182},
 keywords = {Galaxies: Bulges, Galaxies: Fundamental Parameters, Galaxies: Nuclei, Galaxies: Structure, Techniques: Image Processing, Techniques: Photometric},
     year = 2002,
    month = jul,
   volume = 124,
    pages = {266-293},
      doi = {10.1086/340952},
   adsurl = {http://adsabs.harvard.edu/abs/2002AJ....124..266P},
  adsnote = {Provided by the SAO/NASA Astrophysics Data System}
}

@ARTICLE{2002MNRAS.329..355A,
   author = {{Arnouts}, S. and {Moscardini}, L. and {Vanzella}, E. and {Colombi}, S. and 
	{Cristiani}, S. and {Fontana}, A. and {Giallongo}, E. and {Matarrese}, S. and 
	{Saracco}, P.},
    title = "{Measuring the redshift evolution of clustering: the Hubble Deep Field South}",
  journal = {\mnras},
   eprint = {arXiv:astro-ph/0109453},
 keywords = {GALAXIES: EVOLUTION, GALAXIES: HALOES, GALAXIES: FORMATION, COSMOLOGY: OBSERVATIONS, LARGE-SCALE STRUCTURE OF UNIVERSE},
     year = 2002,
    month = jan,
   volume = 329,
    pages = {355-366},
      doi = {10.1046/j.1365-8711.2002.04988.x},
   adsurl = {http://adsabs.harvard.edu/abs/2002MNRAS.329..355A},
  adsnote = {Provided by the SAO/NASA Astrophysics Data System}
}

@ARTICLE{2003MNRAS.344.1000B,
   author = {{Bruzual}, G. and {Charlot}, S.},
    title = "{Stellar population synthesis at the resolution of 2003}",
  journal = {\mnras},
   eprint = {arXiv:astro-ph/0309134},
 keywords = {stars: evolution, galaxies: evolution, galaxies: formation, galaxies: stellar content},
     year = 2003,
    month = oct,
   volume = 344,
    pages = {1000-1028},
      doi = {10.1046/j.1365-8711.2003.06897.x},
   adsurl = {http://adsabs.harvard.edu/abs/2003MNRAS.344.1000B},
  adsnote = {Provided by the SAO/NASA Astrophysics Data System}
}

@ARTICLE{2003PASP..115..763C,
   author = {{Chabrier}, G.},
    title = "{Galactic Stellar and Substellar Initial Mass Function}",
  journal = {\pasp},
   eprint = {arXiv:astro-ph/0304382},
 keywords = {Galaxies: Luminosity Function, Mass Function, Invited Reviews},
     year = 2003,
    month = jul,
   volume = 115,
    pages = {763-795},
      doi = {10.1086/376392},
   adsurl = {http://adsabs.harvard.edu/abs/2003PASP..115..763C},
  adsnote = {Provided by the SAO/NASA Astrophysics Data System}
}

@INPROCEEDINGS{2006SPIE.6269E..98D,
   author = {{D'Odorico}, S. and {Dekker}, H. and {Mazzoleni}, R. and {Vernet}, J. and 
	{Guinouard}, I. and {Groot}, P. and {Hammer}, F. and {Rasmussen}, P.~K. and 
	{Kaper}, L. and {Navarro}, R. and {Pallavicini}, R. and {Peroux}, C. and 
	{Zerbi}, F.~M.},
    title = "{X-shooter UV- to K-band intermediate-resolution high-efficiency spectrograph for the VLT: status report at the final design review}",
booktitle = {Society of Photo-Optical Instrumentation Engineers (SPIE) Conference Series},
     year = 2006,
   series = {Society of Photo-Optical Instrumentation Engineers (SPIE) Conference Series},
   volume = 6269,
    month = jul,
      doi = {10.1117/12.672969},
   adsurl = {http://adsabs.harvard.edu/abs/2006SPIE.6269E..98D},
  adsnote = {Provided by the SAO/NASA Astrophysics Data System}
}

@ARTICLE{2006A&A...457..841I,
   author = {{Ilbert}, O. and {Arnouts}, S. and {McCracken}, H.~J. and {Bolzonella}, M. and 
	{Bertin}, E. and {Le F{\`e}vre}, O. and {Mellier}, Y. and {Zamorani}, G. and 
	{Pell{\`o}}, R. and {Iovino}, A. and {Tresse}, L. and {Le Brun}, V. and 
	{Bottini}, D. and {Garilli}, B. and {Maccagni}, D. and {Picat}, J.~P. and 
	{Scaramella}, R. and {Scodeggio}, M. and {Vettolani}, G. and 
	{Zanichelli}, A. and {Adami}, C. and {Bardelli}, S. and {Cappi}, A. and 
	{Charlot}, S. and {Ciliegi}, P. and {Contini}, T. and {Cucciati}, O. and 
	{Foucaud}, S. and {Franzetti}, P. and {Gavignaud}, I. and {Guzzo}, L. and 
	{Marano}, B. and {Marinoni}, C. and {Mazure}, A. and {Meneux}, B. and 
	{Merighi}, R. and {Paltani}, S. and {Pollo}, A. and {Pozzetti}, L. and 
	{Radovich}, M. and {Zucca}, E. and {Bondi}, M. and {Bongiorno}, A. and 
	{Busarello}, G. and {de La Torre}, S. and {Gregorini}, L. and 
	{Lamareille}, F. and {Mathez}, G. and {Merluzzi}, P. and {Ripepi}, V. and 
	{Rizzo}, D. and {Vergani}, D.},
    title = "{Accurate photometric redshifts for the CFHT legacy survey calibrated using the VIMOS VLT deep survey}",
  journal = {\aap},
   eprint = {arXiv:astro-ph/0603217},
 keywords = {galaxies: distances and redshifts, galaxies: photometry, methods: data analysis},
     year = 2006,
    month = oct,
   volume = 457,
    pages = {841-856},
      doi = {10.1051/0004-6361:20065138},
   adsurl = {http://adsabs.harvard.edu/abs/2006A%26A...457..841I},
  adsnote = {Provided by the SAO/NASA Astrophysics Data System}
}

@ARTICLE{2009ApJ...690.1236I,
   author = {{Ilbert}, O. and {Capak}, P. and {Salvato}, M. and {Aussel}, H. and 
	{McCracken}, H.~J. and {Sanders}, D.~B. and {Scoville}, N. and 
	{Kartaltepe}, J. and {Arnouts}, S. and {Le Floc'h}, E. and {Mobasher}, B. and 
	{Taniguchi}, Y. and {Lamareille}, F. and {Leauthaud}, A. and 
	{Sasaki}, S. and {Thompson}, D. and {Zamojski}, M. and {Zamorani}, G. and 
	{Bardelli}, S. and {Bolzonella}, M. and {Bongiorno}, A. and 
	{Brusa}, M. and {Caputi}, K.~I. and {Carollo}, C.~M. and {Contini}, T. and 
	{Cook}, R. and {Coppa}, G. and {Cucciati}, O. and {de la Torre}, S. and 
	{de Ravel}, L. and {Franzetti}, P. and {Garilli}, B. and {Hasinger}, G. and 
	{Iovino}, A. and {Kampczyk}, P. and {Kneib}, J.-P. and {Knobel}, C. and 
	{Kovac}, K. and {Le Borgne}, J.~F. and {Le Brun}, V. and {F{\`e}vre}, O.~L. and 
	{Lilly}, S. and {Looper}, D. and {Maier}, C. and {Mainieri}, V. and 
	{Mellier}, Y. and {Mignoli}, M. and {Murayama}, T. and {Pell{\`o}}, R. and 
	{Peng}, Y. and {P{\'e}rez-Montero}, E. and {Renzini}, A. and 
	{Ricciardelli}, E. and {Schiminovich}, D. and {Scodeggio}, M. and 
	{Shioya}, Y. and {Silverman}, J. and {Surace}, J. and {Tanaka}, M. and 
	{Tasca}, L. and {Tresse}, L. and {Vergani}, D. and {Zucca}, E.
	},
    title = "{Cosmos Photometric Redshifts with 30-Bands for 2-deg$^{2}$}",
  journal = {\apj},
archivePrefix = "arXiv",
   eprint = {0809.2101},
 keywords = {galaxies: distances and redshifts, galaxies: evolution, galaxies: formation},
     year = 2009,
    month = jan,
   volume = 690,
    pages = {1236-1249},
      doi = {10.1088/0004-637X/690/2/1236},
   adsurl = {http://adsabs.harvard.edu/abs/2009ApJ...690.1236I},
  adsnote = {Provided by the SAO/NASA Astrophysics Data System}
}

@INPROCEEDINGS{2010SPIE.7737E..56M,
   author = {{Modigliani}, A. and {Goldoni}, P. and {Royer}, F. and {Haigron}, R. and 
	{Guglielmi}, L. and {Fran{\c c}ois}, P. and {Horrobin}, M. and 
	{Bristow}, P. and {Vernet}, J. and {Moehler}, S. and {Kerber}, F. and 
	{Ballester}, P. and {Mason}, E. and {Christensen}, L.},
    title = "{The X-shooter pipeline}",
booktitle = {Society of Photo-Optical Instrumentation Engineers (SPIE) Conference Series},
     year = 2010,
   series = {Society of Photo-Optical Instrumentation Engineers (SPIE) Conference Series},
   volume = 7737,
    month = jul,
      doi = {10.1117/12.857211},
   adsurl = {http://adsabs.harvard.edu/abs/2010SPIE.7737E..56M},
  adsnote = {Provided by the SAO/NASA Astrophysics Data System}
}

@ARTICLE{2011ApJS..192...18K,
   author = {{Komatsu}, E. and {Smith}, K.~M. and {Dunkley}, J. and {Bennett}, C.~L. and 
	{Gold}, B. and {Hinshaw}, G. and {Jarosik}, N. and {Larson}, D. and 
	{Nolta}, M.~R. and {Page}, L. and {Spergel}, D.~N. and {Halpern}, M. and 
	{Hill}, R.~S. and {Kogut}, A. and {Limon}, M. and {Meyer}, S.~S. and 
	{Odegard}, N. and {Tucker}, G.~S. and {Weiland}, J.~L. and {Wollack}, E. and 
	{Wright}, E.~L.},
    title = "{Seven-year Wilkinson Microwave Anisotropy Probe (WMAP) Observations: Cosmological Interpretation}",
  journal = {\apjs},
archivePrefix = "arXiv",
   eprint = {1001.4538},
 primaryClass = "astro-ph.CO",
 keywords = {cosmic background radiation, cosmology: observations, dark matter, early universe, space vehicles},
     year = 2011,
    month = feb,
   volume = 192,
      eid = {18},
    pages = {18},
      doi = {10.1088/0067-0049/192/2/18},
   adsurl = {http://adsabs.harvard.edu/abs/2011ApJS..192...18K},
  adsnote = {Provided by the SAO/NASA Astrophysics Data System}
}

@ARTICLE{2011AN....332..227G,
   author = {{Goldoni}, P.},
    title = "{The X-shooter pipeline}",
  journal = {Astronomische Nachrichten},
 keywords = {instrumentation: spectrographs, methods: data analysis},
     year = 2011,
    month = mar,
   volume = 332,
    pages = {227},
      doi = {10.1002/asna.201111523},
   adsurl = {http://adsabs.harvard.edu/abs/2011AN....332..227G},
  adsnote = {Provided by the SAO/NASA Astrophysics Data System}
}

@ARTICLE{2012MNRAS.424L...1K,
   author = {{Krogager}, J.-K. and {Fynbo}, J.~P.~U. and {M{\o}ller}, P. and 
    {Ledoux}, C. and {Noterdaeme}, P. and {Christensen}, L. and 
    {Milvang-Jensen}, B. and {Sparre}, M.},
    title = "{On the sizes of z{\gsim}2 damped Ly{$\alpha$} absorbing galaxies}",
  journal = {\mnras},
archivePrefix = "arXiv",
   eprint = {1204.2833},
 primaryClass = "astro-ph.CO",
 keywords = {galaxies: high-redshift, galaxies: ISM, quasars: absorption lines, quasars: individual: SDSS J 091826.16+163609.0, quasars: individual: SDSS J033854.77-000521.0, quasars: individual: PKS 0458-02},
     year = 2012,
    month = jul,
   volume = 424,
    pages = {L1-L5},
      doi = {10.1111/j.1745-3933.2012.01272.x},
   adsurl = {http://adsabs.harvard.edu/abs/2012MNRAS.424L...1K},
  adsnote = {Provided by the SAO/NASA Astrophysics Data System}
}

@ARTICLE{1993A&A...270...43M,
   author = {{M\o ller}, P. and {Warren}, S.~J.},
    title = "{Emission from a damped Ly-alpha absorber at Z = 2.81}",
  journal = {\aap},
 keywords = {ABSORPTION SPECTRA, GALACTIC EVOLUTION, LYMAN ALPHA RADIATION, SPIRAL GALAXIES, INTERGALACTIC MEDIA, QUASARS},
     year = 1993,
    month = mar,
   volume = 270,
    pages = {43-52},
   adsurl = {http://adsabs.harvard.edu/abs/1993A%26A...270...43M},
  adsnote = {Provided by the SAO/NASA Astrophysics Data System}
}
@ARTICLE{1999MNRAS.305..849F,
   author = {{Fynbo}, J.~U. and {M{\o}ller}, P. and {Warren}, S.~J.},
    title = "{Extended LY alpha emission from a damped LY alpha absorber at z=1.93, and the relation between damped LY alpha absorbers and Lyman-break galaxies}",
  journal = {\mnras},
   eprint = {arXiv:astro-ph/9812434},
 keywords = {GALAXIES: FORMATION, QUASARS: ABSORPTION LINES, QUASARS: INDIVIDUAL: Q0151+048},
     year = 1999,
    month = may,
   volume = 305,
    pages = {849-858},
      doi = {10.1046/j.1365-8711.1999.02520.x},
   adsurl = {http://adsabs.harvard.edu/abs/1999MNRAS.305..849F},
  adsnote = {Provided by the SAO/NASA Astrophysics Data System}
}

@ARTICLE{2000A&A...358...88F,
   author = {{Fynbo}, J.~U. and {Burud}, I. and {M{\o}ller}, P.},
    title = "{The sources of extended continuum emission towards Q0151+048A: the host galaxy and the damped Lyalpha absorber}",
  journal = {\aap},
   eprint = {arXiv:astro-ph/0004079},
 keywords = {METHODS: DATA ANALYSIS, GALAXIES: INTERGALACTIC MEDIUM, GALAXIES: QUASARS: ABSORPTION LINES, GALAXIES: QUASARS: GENERAL, GALAXIES: PHOTOMETRY, GALAXIES: QUASARS: INDIVIDUAL: Q0151+048},
     year = 2000,
    month = jun,
   volume = 358,
    pages = {88-94},
   adsurl = {http://adsabs.harvard.edu/abs/2000A%26A...358...88F},
  adsnote = {Provided by the SAO/NASA Astrophysics Data System}
}

@INPROCEEDINGS{2010AAS...21522909P,
   author = {{Peng}, C.},
    title = "{Using GALFIT to Classify Galaxies at High-z: Measuring Asymmetry Parametrically}",
booktitle = {American Astronomical Society Meeting Abstracts \#215},
     year = 2010,
   series = {Bulletin of the American Astronomical Society},
   volume = 42,
    month = jan,
    pages = {229.09},
   adsurl = {http://adsabs.harvard.edu/abs/2010AAS...21522909P},
  adsnote = {Provided by the SAO/NASA Astrophysics Data System}
}

@ARTICLE{1994ApJ...429..582C,
   author = {{Calzetti}, D. and {Kinney}, A.~L. and {Storchi-Bergmann}, T.
	},
    title = "{Dust extinction of the stellar continua in starburst galaxies: The ultraviolet and optical extinction law}",
  journal = {\apj},
 keywords = {ASTRONOMICAL MODELS, CONTINUUMS, DISTRIBUTION FUNCTIONS, INTERPLANETARY DUST, INTERSTELLAR EXTINCTION, METALLICITY, SPECTRA, SPECTRAL ENERGY DISTRIBUTION, STARBURST GALAXIES, ULTRAVIOLET SPECTRA, ANALYTIC FUNCTIONS, APERTURES, AVERAGE, CALIBRATING, DERIVATION, EXTRACTION, IUE, NUMERICAL ANALYSIS, OPTIMIZATION, PHOTOMETRY},
     year = 1994,
    month = jul,
   volume = 429,
    pages = {582-601},
      doi = {10.1086/174346},
   adsurl = {http://adsabs.harvard.edu/abs/1994ApJ...429..582C},
  adsnote = {Provided by the SAO/NASA Astrophysics Data System}
}

@ARTICLE{1981ARA&A..19...41W,
   author = {{Weymann}, R.~J. and {Carswell}, R.~F. and {Smith}, M.~G.},
    title = "{Absorption lines in the spectra of quasistellar objects}",
  journal = {\araa},
 keywords = {ABSORPTION SPECTRA, ASTRONOMICAL SPECTROSCOPY, LINE SPECTRA, LYMAN ALPHA RADIATION, QUASARS, RED SHIFT, HYDROGEN, MOLECULAR ABSORPTION, PHYSICAL PROPERTIES, SPECTRAL LINE WIDTH},
     year = 1981,
   volume = 19,
    pages = {41-76},
      doi = {10.1146/annurev.aa.19.090181.000353},
   adsurl = {http://adsabs.harvard.edu/abs/1981ARA%26A..19...41W},
  adsnote = {Provided by the SAO/NASA Astrophysics Data System}
}

@ARTICLE{2005ARA&A..43..861W,
   author = {{Wolfe}, A.~M. and {Gawiser}, E. and {Prochaska}, J.~X.},
    title = "{Damped Ly {$\alpha$} Systems}",
  journal = {\araa},
   eprint = {arXiv:astro-ph/0509481},
     year = 2005,
    month = sep,
   volume = 43,
    pages = {861-918},
      doi = {10.1146/annurev.astro.42.053102.133950},
   adsurl = {http://adsabs.harvard.edu/abs/2005ARA%26A..43..861W},
  adsnote = {Provided by the SAO/NASA Astrophysics Data System}
}

@ARTICLE{2002ARA&A..40..579G,
   author = {{Giavalisco}, M.},
    title = "{Lyman-Break Galaxies}",
  journal = {\araa},
 keywords = {cosmology, galaxy observations, galaxy formation, galaxy evolution, distances, redshifts},
     year = 2002,
   volume = 40,
    pages = {579-641},
      doi = {10.1146/annurev.astro.40.121301.111837},
   adsurl = {http://adsabs.harvard.edu/abs/2002ARA%26A..40..579G},
  adsnote = {Provided by the SAO/NASA Astrophysics Data System}
}

@ARTICLE{2011ARA&A..49..525S,
   author = {{Shapley}, A.~E.},
    title = "{Physical Properties of Galaxies from z = 2-4}",
  journal = {\araa},
archivePrefix = "arXiv",
   eprint = {1107.5060},
 primaryClass = "astro-ph.CO",
     year = 2011,
    month = sep,
   volume = 49,
    pages = {525-580},
      doi = {10.1146/annurev-astro-081710-102542},
   adsurl = {http://adsabs.harvard.edu/abs/2011ARA%26A..49..525S},
  adsnote = {Provided by the SAO/NASA Astrophysics Data System}
}

@ARTICLE{2002ApJ...574...51M,
   author = {{M{\o}ller}, P. and {Warren}, S.~J. and {Fall}, S.~M. and {Fynbo}, J.~U. and 
	{Jakobsen}, P.},
    title = "{Are High-Redshift Damped Ly{$\alpha$} Galaxies Lyman Break Galaxies?}",
  journal = {\apj},
   eprint = {arXiv:astro-ph/0203361},
 keywords = {Galaxies: Formation, Galaxies: High-Redshift, Galaxies: Quasars: Absorption Lines, quasars: individual (PKS 0528-250, Q2206-1958), Galaxies: Quasars: Individual: Alphanumeric: 2233.9+1318},
     year = 2002,
    month = jul,
   volume = 574,
    pages = {51-58},
      doi = {10.1086/340934},
   adsurl = {http://adsabs.harvard.edu/abs/2002ApJ...574...51M},
  adsnote = {Provided by the SAO/NASA Astrophysics Data System}
}

@ARTICLE{2010MNRAS.408.2128F,
   author = {{Fynbo}, J.~P.~U. and {Laursen}, P. and {Ledoux}, C. and {M{\o}ller}, P. and 
	{Durgapal}, A.~K. and {Goldoni}, P. and {Gullberg}, B. and {Kaper}, L. and 
	{Maund}, J. and {Noterdaeme}, P. and {{\"O}stlin}, G. and {Strandet}, M.~L. and 
	{Toft}, S. and {Vreeswijk}, P.~M. and {Zafar}, T.},
    title = "{Galaxy counterparts of metal-rich damped Ly{$\alpha$} absorbers - I. The case of the z = 2.35 DLA towards Q2222-0946}",
  journal = {\mnras},
archivePrefix = "arXiv",
   eprint = {1002.4626},
 primaryClass = "astro-ph.CO",
 keywords = {galaxies: formation, galaxies: high-redshift, galaxies: ISM, quasars: absorption lines, quasars: individual: Q 2222-0946, cosmology: observations},
     year = 2010,
    month = nov,
   volume = 408,
    pages = {2128-2136},
      doi = {10.1111/j.1365-2966.2010.17294.x},
   adsurl = {http://adsabs.harvard.edu/abs/2010MNRAS.408.2128F},
  adsnote = {Provided by the SAO/NASA Astrophysics Data System}
}

@ARTICLE{2008ApJ...681..856R,
   author = {{Rauch}, M. and {Haehnelt}, M. and {Bunker}, A. and {Becker}, G. and 
	{Marleau}, F. and {Graham}, J. and {Cristiani}, S. and {Jarvis}, M. and 
	{Lacey}, C. and {Morris}, S. and {Peroux}, C. and {R{\"o}ttgering}, H. and 
	{Theuns}, T.},
    title = "{A Population of Faint Extended Line Emitters and the Host Galaxies of Optically Thick QSO Absorption Systems}",
  journal = {\apj},
archivePrefix = "arXiv",
   eprint = {0711.1354},
 keywords = {Cosmology: Diffuse Radiation, Galaxies: Formation, Galaxies: Intergalactic Medium, quasars: individual ([HGO96] DMS 2139.0-0405)},
     year = 2008,
    month = jul,
   volume = 681,
    pages = {856-880},
      doi = {10.1086/525846},
   adsurl = {http://adsabs.harvard.edu/abs/2008ApJ...681..856R},
  adsnote = {Provided by the SAO/NASA Astrophysics Data System}
}

@ARTICLE{2011MNRAS.412L..55R,
   author = {{Rauch}, M. and {Haehnelt}, M.~G.},
    title = "{Faint resonantly scattered Ly{$\alpha$} emission from the absorption troughs of damped Ly{$\alpha$} systems at z{\tilde} 3}",
  journal = {\mnras},
archivePrefix = "arXiv",
   eprint = {1011.4061},
 primaryClass = "astro-ph.CO",
 keywords = {line: profiles, radiative transfer, galaxies: dwarf, galaxies: formation, galaxies: high-redshift, quasars: absorption lines},
     year = 2011,
    month = mar,
   volume = 412,
    pages = {L55-L57},
      doi = {10.1111/j.1745-3933.2010.01004.x},
   adsurl = {http://adsabs.harvard.edu/abs/2011MNRAS.412L..55R},
  adsnote = {Provided by the SAO/NASA Astrophysics Data System}
}

@ARTICLE{2008ApJ...683..321F,
   author = {{Fynbo}, J.~P.~U. and {Prochaska}, J.~X. and {Sommer-Larsen}, J. and 
	{Dessauges-Zavadsky}, M. and {M{\o}ller}, P.},
    title = "{Reconciling the Metallicity Distributions of Gamma-Ray Burst, Damped Ly{$\alpha$}, and Lyman Break Galaxies at z \~{} 3}",
  journal = {\apj},
archivePrefix = "arXiv",
   eprint = {0801.3273},
 keywords = {Gamma Rays: Bursts, ISM: General},
     year = 2008,
    month = aug,
   volume = 683,
    pages = {321-328},
      doi = {10.1086/589555},
   adsurl = {http://adsabs.harvard.edu/abs/2008ApJ...683..321F},
  adsnote = {Provided by the SAO/NASA Astrophysics Data System}
}

@ARTICLE{2004A&A...422L..33M,
   author = {{M{\o}ller}, P. and {Fynbo}, J.~P.~U. and {Fall}, S.~M.},
    title = "{Detection of Lyman-{$\alpha$} emission from a DLA galaxy: Possible implications for a luminosity-metallicity relation at z = 2-3}",
  journal = {\aap},
   eprint = {arXiv:astro-ph/0406307},
 keywords = {galaxies: formation, galaxies: high-redshift, quasars: absorption lines, quasars: individual: PKS 0458-02},
     year = 2004,
    month = jul,
   volume = 422,
    pages = {L33-L37},
      doi = {10.1051/0004-6361:20040194},
   adsurl = {http://adsabs.harvard.edu/abs/2004A%26A...422L..33M},
  adsnote = {Provided by the SAO/NASA Astrophysics Data System}
}

@ARTICLE{2006A&A...457...71L,
   author = {{Ledoux}, C. and {Petitjean}, P. and {Fynbo}, J.~P.~U. and {M{\o}ller}, P. and 
	{Srianand}, R.},
    title = "{Velocity-metallicity correlation for high-z DLA galaxies: evidence of a mass-metallicity relation?}",
  journal = {\aap},
   eprint = {arXiv:astro-ph/0606185},
 keywords = {galaxies: halos, galaxies: high-redshift, galaxies: ISM, quasars: absorption lines, cosmology: observations},
     year = 2006,
    month = oct,
   volume = 457,
    pages = {71-78},
      doi = {10.1051/0004-6361:20054242},
   adsurl = {http://adsabs.harvard.edu/abs/2006A%26A...457...71L},
  adsnote = {Provided by the SAO/NASA Astrophysics Data System}
}

@ARTICLE{Salim2005,
   author = {{Salim}, S. and {Charlot}, S. and {Rich}, R.~M. and {Kauffmann}, G. and
    {Heckman}, T.~M. and {Barlow}, T.~A. and {Bianchi}, L. and {Byun}, Y.-I. and
    {Donas}, J. and {Forster}, K. and {Friedman}, P.~G. and {Jelinsky}, P.~N. and
    {Lee}, Y.-W. and {Madore}, B.~F. and {Malina}, R.~F. and {Martin}, D.~C. and
    {Milliard}, B. and {Morrissey}, P. and {Neff}, S.~G. and {Schiminovich}, D. and
    {Seibert}, M. and {Siegmund}, O.~H.~W. and {Small}, T. and {Szalay}, A.~S. and
    {Welsh}, B.~Y. and {Wyder}, T.~K.},
    title = "{New Constraints on the Star Formation Histories and Dust Attenuation of Galaxies in the Local Universe from GALEX}",
  journal = {\apjl},
   eprint = {arXiv:astro-ph/0411354},
 keywords = {Galaxies: Evolution, Galaxies: Fundamental Parameters, Galaxies: Starburst, Ultraviolet: Galaxies},
     year = 2005,
    month = jan,
   volume = 619,
    pages = {L39-L42},
      doi = {10.1086/424800},
   adsurl = {http://adsabs.harvard.edu/abs/2005ApJ...619L..39S},
  adsnote = {Provided by the SAO/NASA Astrophysics Data System}
}

@ARTICLE{Klaas091018,
   author = {{Wiersema}, K. and {Curran}, P.~A. and {Kr{\"u}hler}, T. and 
    {Melandri}, A. and {Rol}, E. and {Starling}, R.~L.~C. and {Tanvir}, N.~R. and 
    {van der Horst}, A.~J. and {Covino}, S. and {Fynbo}, J.~P.~U. and 
    {Goldoni}, P. and {Gorosabel}, J. and {Hjorth}, J. and {Klose}, S. and 
    {Mundell}, C.~G. and {O'Brien}, P.~T. and {Palazzi}, E. and 
    {Wijers}, R.~A.~M.~J. and {D'Elia}, V. and {Evans}, P.~A. and 
    {Filgas}, R. and {Gomboc}, A. and {Greiner}, J. and {Guidorzi}, C. and 
    {Kaper}, L. and {Kobayashi}, S. and {Kouveliotou}, C. and {Levan}, A.~J. and 
    {Rossi}, A. and {Rowlinson}, A. and {Steele}, I.~A. and {de Ugarte Postigo}, A. and 
    {Vergani}, S.~D.},
    title = "{Detailed optical and near-infrared polarimetry, spectroscopy and broad-band photometry of the afterglow of GRB 091018: polarization evolution}",
  journal = {\mnras},
archivePrefix = "arXiv",
   eprint = {1203.4265},
 primaryClass = "astro-ph.CO",
 keywords = {acceleration of particles, techniques: polarimetric, gamma-ray burst: individual: GRB 091018 },
     year = 2012,
    month = oct,
   volume = 426,
    pages = {2-22},
      doi = {10.1111/j.1365-2966.2012.20943.x},
   adsurl = {http://adsabs.harvard.edu/abs/2012MNRAS.426....2W},
  adsnote = {Provided by the SAO/NASA Astrophysics Data System}
}

@ARTICLE{Valerio090926A,
   author = {{D'Elia}, V. and {Fynbo}, J.~P.~U. and {Covino}, S. and {Goldoni}, P. and 
    {Jakobsson}, P. and {Matteucci}, F. and {Piranomonte}, S. and 
    {Sollerman}, J. and {Th{\"o}ne}, C.~C. and {Vergani}, S.~D. and 
    {Vreeswijk}, P.~M. and {Watson}, D.~J. and {Wiersema}, K. and 
    {Zafar}, T. and {de Ugarte Postigo}, A. and {Flores}, H. and 
    {Hjorth}, J. and {Kaper}, L. and {Levan}, A.~J. and {Malesani}, D. and 
    {Milvang-Jensen}, B. and {Pian}, E. and {Tagliaferri}, G. and 
    {Tanvir}, N.~R.},
    title = "{VLT/X-shooter spectroscopy of the GRB 090926A afterglow}",
  journal = {\aap},
archivePrefix = "arXiv",
   eprint = {1007.5357},
 primaryClass = "astro-ph.HE",
 keywords = {ISM: abundances, ISM: atoms, galaxies: star formation, line: profiles, techniques: spectroscopic, atomic processes},
     year = 2010,
    month = nov,
   volume = 523,
      eid = {A36},
    pages = {A36},
      doi = {10.1051/0004-6361/201015216},
   adsurl = {http://adsabs.harvard.edu/abs/2010A%26A...523A..36D},
  adsnote = {Provided by the SAO/NASA Astrophysics Data System}
}

@ARTICLE{Antonio090313,
   author = {{de Ugarte Postigo}, A. and {Goldoni}, P. and {Th{\"o}ne}, C.~C. and 
    {Vergani}, S.~D. and {D'Elia}, V. and {Piranomonte}, S. and 
    {Malesani}, D. and {Covino}, S. and {Flores}, H. and {Fynbo}, J.~P.~U. and 
    {Hjorth}, J. and {Wijers}, R.~A.~M.~J. and {D'Odorico}, S. and 
    {Hammer}, F. and {Kaper}, L. and {Kj{\ae}rgaard}, P. and {Randich}, S. and 
    {Andersen}, M.~I. and {Antonelli}, L.~A. and {Christensen}, L. and 
    {D'Avanzo}, P. and {Fiore}, F. and {Groot}, P.~J. and {Maiorano}, E. and 
    {Palazzi}, E. and {Pian}, E. and {Tagliaferri}, G. and {van den Ancker}, M.~E. and 
    {Vernet}, J.},
    title = "{<ASTROBJ>GRB 090313</ASTROBJ>: X-shooter's first shot at a gamma-ray burst}",
  journal = {\aap},
archivePrefix = "arXiv",
   eprint = {0911.3901},
 primaryClass = "astro-ph.HE",
 keywords = {gamma-ray burst: general, instrumentation: spectrographs},
     year = 2010,
    month = apr,
   volume = 513,
      eid = {A42},
    pages = {A42},
      doi = {10.1051/0004-6361/200913113},
   adsurl = {http://adsabs.harvard.edu/abs/2010A%26A...513A..42D},
  adsnote = {Provided by the SAO/NASA Astrophysics Data System}
}

@ARTICLE{friis121024A,
   author = {{Friis}, M. and {De Cia}, A. and {Kr{\"u}hler}, T. and {Fynbo}, J.~P.~U. and 
    {Ledoux}, C. and {Vreeswijk}, P.~M. and {Malesani}, D. and {Gorosabel}, J. and 
    {Starling}, R.~L.~C. and {Jakobsson}, P. and {Varela}, K. and 
    {Watson}, D.~J. and {Wiersema}, K. and {Drachmann}, A.~P. and 
    {Trotter}, A. and {Th{\"o}ne}, C.~C. and {de Ugarte Postigo}, A. and 
    {D'Elia}, V. and {Elliott}, J. and {Maturi}, M. and {Goldoni}, P. and 
    {Greiner}, J. and {Haislip}, J. and {Kaper}, L. and {Knust}, F. and 
    {LaCluyze}, A. and {Milvang-Jensen}, B. and {Reichart}, D. and 
    {Schulze}, S. and {Sudilovsky}, V. and {Vergani}, S.~D.},
    title = "{The warm, the excited, and the molecular gas: GRB 121024A shining through its star-forming galaxy}",
  journal = {ArXiv e-prints},
archivePrefix = "arXiv",
   eprint = {1409.6315},
 keywords = {Astrophysics - Astrophysics of Galaxies},
     year = 2014,
    month = sep,
   adsurl = {http://adsabs.harvard.edu/abs/2014arXiv1409.6315F},
  adsnote = {Provided by the SAO/NASA Astrophysics Data System}
}
